3542 5800
470 918 517 969 na
540 916 654 969 naeus
677 914 800 967 aaeuu
821 897 1083 969 rann-11.·67.
1231 898 1296 963 319

249 1130 324 1177 cum
350 1110 450 1179 venia
472 1116 680 1199 peccatorum
710 1108 746 1173 in
775 1106 959 1195 gratiarum
989 1106 1151 1173 actionem
1175 1126 1210 1171 ae
1236 1102 1298 1169 ral-

249 1214 358 1281 vatori
394 1214 583 1303 prostravit
646 1211 709 1279 Oui
748 1232 880 1277 exesum
911 1215 946 1276 et
975 1209 1136 1275 liventem
1167 1212 1298 1275 uterum

249 1318 340 1384 molli
377 1338 450 1383 cera
486 1316 616 1382 abbatie
652 1314 773 1381 refovit
810 1313 1007 1402 benignitas,
1045 1312 1148 1380 donec
1175 1311 1299 1377 rediret

251 1421 383 1487 sanitae
439 1418 584 1484 Excusso
622 1418 724 1483 etiam
764 1416 850 1483 ferm
891 1418 934 1482 ab
973 1416 1110 1483 alteriue
1147 1414 1299 1481 bmcchio

252 1522 409 1589 medietas
464 1520 576 1587 circuli
637 1542 735 1608 supra
779 1520 915 1599 chorum
958 1518 1099 1585 flatrum
1144 1518 1298 1595 evolavit,

253 1625 381 1711 reliqua
404 1646 483 1693 vero
506 1624 668 1693 medietas
693 1622 837 1690 inveniri
863 1644 932 1689 uon
956 1624 1075 1713 potuit

648 1854 900 1921 Oourrrurrm.

301 2050 371 2117 S·
393 2051 473 2137 quia
501 2050 561 2117 lux
584 2054 681 2117 teuto
702 2050 829 2128 clarius,
858 2055 983 2137 quanto
1009 2050 1149 2115 vicinius
1175 2051 1295 2137 conspi-
1311 2070 1429 2120 Another

255 2155 347 2231 citur,
365 2154 466 2220 oeulis
481 2160 514 2220 et
529 2176 629 2221 manu
643 2154 720 2220 fidei
735 2152 938 2242 proximiue¹
963 2158 1181 2219 attrectentur
1194 2176 1300 2241 nuper
1311 2137 1420 2189 miracle.

256 2263 388 2345 patrata
417 2258 581 2323 miracula
643 2258 693 2323 De
716 2258 866 2345 proxima
895 2258 977 2323 villa
1009 2256 1192 2325 Suderham
1222 2264 1300 2323 aute

256 2362 358 2427 altare
387 2361 477 2427 beati
507 2360 661 2427 Kenelrni
685 2366 780 2449 pater
806 2360 939 2428 illatum
964 2362 1071 2427 filium
1094 2362 1229 2449 proiecit
1253 2363 1303 2427 ita

257 2468 468 2545 contractum,
492 2471 531 2531 ut
561 2465 703 2531 calcanei
732 2465 866 2531 natibus
896 2465 992 2531 infixi
1022 2470 1056 2531 et
1085 2487 1202 2531 manus
1227 2466 1303 2531 hinc

257 2568 333 2634 inde
348 2568 510 2635 haererent
529 2568 631 2647 lateri,
656 2590 717 2635 nec
737 2574 894 2657 poterant
916 2570 980 2635 nisi
1002 2570 1164 2657 portando
1178 2570 1304 2637 moveri

256 2672 334 2737 loco.
380 2672 415 2737 Ie
437 2693 523 2759 ergo,
540 2670 660 2737 abbate
684 2672 822 2738 Godrico
845 2673 1070 2760 vespertinam
1088 2673 1304 2761 antiphonam

259 2776 295 2839 in
310 2776 480 2861 evaugelio
502 2774 686 2861 incipiente,
711 2776 879 2841 absolutus
902 2776 1013 2841 subita
1035 2778 1162 2842 virtute
1180 2780 1304 2843 cunctis

259 2878 491 2966 arpieientibus
512 2901 611 2966 supra
626 2878 723 2966 pedes
746 2880 849 2959 stetit,
876 2885 911 2947 et
932 2903 1049 2947 manus
1064 2880 1100 2945 in
1122 2882 1304 2968 gratiarum

259 2985 386 3050 actione
401 2983 472 3050 Deo
488 2983 649 3050 extendit.

659 3199 911 3268 Oouuruarra

303 3385 456 3470 QUODAM
478 3397 590 3458 autem
617 3395 765 3479 tempore
793 3393 918 3480 placuit
942 3394 1030 3481 patri
1053 3397 1244 3464 monasterii
1271 3403 1433 3483 etApother

259 3491 418 3558 fratribus
448 3495 604 3580 quatimur
637 3495 679 3560 ad
709 3497 884 3584 antiquum
914 3519 982 3563 euru
1010 3500 1169 3585 passionis
1199 3501 1305 3568 locum
1318 3472 1428 3522 maccla

260 3595 468 3660 revisendum
500 3596 680 3664 deferretur
701 3599 818 3665 beatus
842 3599 1030 3666 Keuelmus.
1088 3602 1173 3670 Cum
1199 3605 1306 3692 hospi-

261 3703 411 3764 tarentur
434 3699 470 3764 in
493 3699 611 3787 oppido
637 3699 955 3780 winmusterium
978 3705 1044 3770 viri
1068 3705 1199 3774 Osbe1ti
1219 3710 1307 3775 filius

260 3821 388 3868 sursum
411 3803 513 3868 versis
551 3803 718 3870 oculorum
751 3807 884 3892 pupillis
915 3808 1105 3894 visibusque
1128 3811 1307 3878 latentibus

261 3905 324 3970 sub
346 3905 509 3992 palpebris
534 3907 628 3972 velut
654 3908 690 3972 iu
712 3909 799 3974 nube
822 3911 927 3976 stellis
942 3933 1045 3977 cruere
1059 3913 1182 3979 aderat
1242 3915 1306 3995 Qui

262 4007 358 4073 ortas
373 4009 421 4075 ibi
437 4009 480 4074 ad
502 4014 650 4076 sanetum
667 4009 865 4076 Keuelmum
885 4020 1026 4102 utraque
1041 4016 1109 4081 acie
1132 4018 1167 4081 iu
1181 4023 1307 4084 rectum

262 4133 419 4178 conversa
433 4114 583 4200 protinus
606 4115 721 4200 attigit
734 4114 815 4181 lucie
831 4117 959 4204 gaudia

664 4329 916 4402 Oornnanuo.

308 4523 390 4589 IPSA
420 4545 500 4590 vero
530 4530 626 4592 noete
650 4525 801 4592 omuibus
831 4547 946 4594 somno
976 4533 1145 4616 oppreseie,
1173 4535 1308 4601 candela
1320 4543 1436 4624 Another

263 4627 381 4694 ardens
408 4649 504 4716 super
530 4629 633 4694 altare
656 4651 763 4695 coram
789 4631 939 4716 apposito
971 4636 1077 4700 sancti
1107 4659 1238 4724 corpore
1267 4641 1308 4704 de
1320 4613 1429 4662 Μὴ·

1159 4795 1303 4804 .---—

594 4861 599 4890 ¹
614 4861 763 4927 proximius]
778 4862 914 4926 proximus,
925 4867 982 4916 Ms.
