3542 5800
469 848 533 910 382
727 862 792 913 mc.
818 863 865 910 DE
886 863 1020 913 omma
1042 862 1132 914 SPEC.
1155 862 1244 913 mss.

304 1116 396 1235 {iffi
407 1185 458 1235 „d
494 1147 745 1217 Ocarrrurrro.
788 1148 839 1217 De
861 1148 1069 1219 musar
1082 1150 1177 1239 facto
1198 1149 1296 1219 Ebboe
1315 1148 1491 1219 abeam

304 1251 409 1369 &dian
926 1261 1058 1323 cauum

305 1383 374 1435 AJ).
386 1386 442 1436 870.

304 1468 443 1585 perti-nup·
514 1456 787 1523 Arrnrounnuur
809 1456 846 1521 in
870 1454 982 1523 Scotia
1004 1456 1175 1523 Danorum
1204 1456 1378 1523 innumera
1398 1456 1512 1524 multi-

349 1550 380 1587 on
393 1552 408 1587 0

304 1602 384 1663 3be
470 1558 561 1639 tudo,
576 1580 715 1646 quorum
738 1558 836 1625 duces
858 1558 994 1625 fircrrmt
1008 1558 1163 1646 Zingwar
1184 1564 1219 1627 et
1234 1559 1512 1647 Hubbaquorum

305 1668 436 1749 abbqsrof
471 1683 569 1748 supra
602 1661 810 1727 meminimus
843 1662 880 1725 in
911 1660 1060 1747 passione
1093 1662 1164 1736 sive
1194 1662 1296 1749 gestis
1332 1662 1512 1729 beatissimi

304 1734 432 1863 ffiffid
470 1765 556 1851 regis
578 1769 613 1829 et
634 1765 789 1851 martyris
812 1763 988 1845 Edmundi,
1011 1764 1092 1831 dim
1119 1764 1344 1851 perversitatis
1364 1765 1514 1831 homines

307 1868 435 1920 hereum.
471 1872 505 1933 et
536 1866 741 1935 fortitudinis
774 1866 942 1933 inauditae.
988 1865 1054 1947 Qui
1082 1868 1188 1936 totius
1216 1868 1300 1933 fines
1328 1867 1513 1933 Britanniae

470 1970 506 2035 in
537 1968 770 2037 exterminium
803 1968 965 2036 adducere
997 1973 1163 2049 conantes,
1198 1991 1315 2058 pueros
1351 1976 1386 2037 et
1421 1990 1514 2036 senas

471 2095 617 2160 quosque
649 2072 711 2137 sibi
748 2072 862 2137 obvios
899 2071 1105 2159 iugulabant,
1135 2078 1366 2160 matronasque
1394 2073 1514 2139 sancti·

471 2176 628 2242 moniales
657 2198 713 2240 seu
743 2174 888 2261 virgines
916 2174 1059 2239 ludibrio
1095 2175 1272 2240 tradendas
1302 2175 1513 2239 mandabant

473 2278 622 2365 Cumque
644 2300 702 2364 per
724 2298 836 2342 omnes
860 2298 1035 2364 regnorum
1059 2276 1142 2343 fines
1169 2282 1266 2343 tanta
1294 2282 1513 2363 tyrannorum

470 2380 658 2445 immanitas
688 2379 901 2445 disseminata
929 2379 1057 2460 fuisset,
1081 2379 1178 2445 Ebba
1207 2385 1320 2446 sancta
1350 2379 1513 2467 Collinge·

470 2482 633 2549 hamensis
664 2480 806 2547 coenobii
839 2481 1016 2559 abbatissa,
1045 2481 1178 2547 intuens
1207 2503 1251 2549 ne
1284 2488 1319 2549 et
1351 2482 1430 2569 ipsa
1460 2481 1514 2547 cui

470 2585 655 2651 sollicitudo
668 2583 838 2673 regiminis
860 2590 896 2650 et
918 2606 996 2651 cura
1017 2584 1190 2673 pastoralis
1204 2585 1375 2663 commissa
1395 2584 1513 2666 irrorat,

469 2710 543 2753 cum
558 2687 621 2753 sibi
644 2686 796 2753 subiectis
812 2685 1000 2777 virginibus
1021 2686 1164 2753 ludibrio
1185 2687 1372 2755 traderetur·
1392 2709 1515 2776 pagan·

470 2812 571 2873 orum,
598 2795 639 2855 ut
671 2788 867 2877 pudicitiam
897 2789 1068 2856 amitteret
1096 2789 1303 2879 virginalem,
1327 2789 1514 2859 convocatis

471 2894 634 2962 sororibus
663 2892 700 2959 in
726 2892 908 2982 capitulum
935 2891 1099 2960 universis
1127 2892 1165 2958 in
1194 2892 1281 2960 hanc
1304 2916 1418 2962 vocem
1441 2915 1516 2984 pro-

471 2997 571 3085 rupit,
595 2997 726 3063 dicens:
752 3003 770 3032 “
784 2995 1003 3062 Advenerrmt
1025 2994 1160 3084 nuper‚''
1173 2996 1293 3083 inquit,
1310 3003 1329 3033 “
1341 2997 1385 3066 ad
1406 3001 1516 3085 partes

470 3103 599 3165 nostras
621 3099 743 3188 pagani
764 3098 957 3186 nequissimi
978 3104 1013 3165 et
1034 3099 1139 3166 totius
1160 3099 1377 3166 humanitatis
1398 3099 1515 3188 ignari,

471 3203 528 3290 qui
553 3201 625 3268 loca
646 3202 789 3290 regionis
810 3200 908 3268 huius
930 3199 1061 3288 singula
1082 3199 1318 3290 perlustrantes
1339 3223 1399 3270 nec
1420 3199 1515 3268 sexui

470 3303 624 3369 muliebri
647 3326 707 3370 nec
733 3303 947 3392 parvulorum
969 3303 1101 3389 quidem
1127 3308 1268 3392 parcunt
1289 3304 1393 3383 aetati,
1417 3303 1517 3370 ecclc·

471 3407 535 3472 sias
559 3410 593 3472 et
620 3429 774 3494 personas
798 3405 1030 3474 ecclesiasticas
1058 3405 1243 3488 destruunt,
1267 3411 1302 3474 et
1325 3406 1424 3474 obvia
1449 3405 1515 3472 sibi

471 3531 609 3596 quaequc
642 3509 840 3576 conterendo
878 3513 1083 3578 consumunt.
1130 3509 1249 3596 Itaque
1284 3508 1334 3576 si¹
1373 3507 1516 3576 consiliis

470 3611 552 3677 meis
567 3611 774 3699 adquiescere
795 3611 1015 3692 decreveritis,
1030 3633 1122 3700 spem
1136 3615 1261 3678 certam
1282 3610 1322 3677 de
1344 3611 1517 3678 clementia

471 3713 596 3779 Divina
624 3715 780 3803 concipio,
810 3713 899 3801 quod
928 3719 964 3780 et
989 3711 1203 3780 barbaromm
1224 3712 1350 3778 rabiem
1374 3712 1517 3800 effugere

471 3815 653 3884 valebimus
687 3822 721 3884 et
754 3821 921 3906 perpetuae
951 3815 1155 3904 virginitatis
1184 3813 1378 3903 pudicitiam
1410 3821 1516 3883 casto-

471 3918 569 3984 dirc.''
615 3918 678 3986 Cui
704 3941 778 3985 cum
802 3918 957 3984 universa
982 3917 1150 4006 virginum
1179 3916 1389 4004 congregatio
1419 3918 1518 3984 certis

470 4022 741 4110 promissionibus
778 4019 1014 4110 spopondisset,
1052 4041 1122 4087 sese
1158 4021 1317 4086 maternis
1353 4019 1438 4086 velle
1480 4020 1519 4086 in

471 4126 623 4192 omnibus
657 4125 882 4213 obtemperare
917 4123 1098 4211 praecptis,
1123 4121 1182 4188 illa
1215 4122 1418 4190 admirandae
1446 4124 1518 4189 ani·

471 4227 636 4294 mositatis
659 4226 827 4294 abbatissa
850 4225 961 4313 palam
987 4225 1113 4290 cunctis
1135 4225 1301 4290 sororibus
1328 4225 1517 4312 exemplum

472 4330 635 4396 castitatis
672 4330 830 4416 praebens,
863 4350 932 4393 non
969 4326 1075 4394 solum
1112 4327 1417 4394 sanctimonialibus
1452 4327 1517 4393 illis

471 4431 675 4518 proficuum,2
689 4453 804 4499 verum
828 4431 930 4496 etiam
951 4429 1105 4496 omnibus
1119 4430 1315 4496 successuris
1330 4430 1517 4517 virginibus

506 4737 512 4767 ¹
525 4735 561 4802 ri]
574 4751 596 4800 a,
608 4733 664 4787 MS.
1045 4732 1055 4762 ²
1066 4731 1218 4798 proficuam]
1231 4729 1304 4783 Mati.
1316 4730 1437 4793 Wcsm3
1458 4745 1518 4796 pro-

1013 4809 1115 4872 fectam,
1125 4810 1181 4863 MS.
