3542 5800
474 900 520 947 ns
542 898 658 947 ossus
681 895 801 945 suomi
825 894 1011 944 huon-11.
1036 880 1089 944 69.
1235 878 1299 941 329

252 1086 472 1153 servientibus
501 1086 572 1151 sive
603 1086 702 1165 laicis,
733 1104 859 1171 semper
889 1082 1049 1148 decimam
1087 1082 1299 1161 mansionem,

253 1189 310 1255 ubi
325 1190 500 1254 minimum
516 1188 569 1269 sit,
586 1192 699 1253 tannen
722 1188 880 1253 decimam
904 1191 1032 1272 partem
1054 1184 1091 1249 in
1114 1184 1301 1249 libertatem

252 1298 443 1380 perpetuam
485 1290 659 1378 perdonari
703 1288 893 1369 diiudicari,
931 1296 971 1354 ut
1008 1288 1053 1353 sit
1090 1292 1167 1353 tnta
1203 1294 1302 1373 atque

253 1396 383 1459 munita
413 1394 455 1459 ab
486 1391 640 1458 omnibus
669 1392 881 1457 sacularibus
919 1390 1137 1457 servitutibus
1174 1412 1304 1455 necnon

253 1495 416 1582 regalibus
439 1494 575 1562 tributis
590 1494 769 1559 maioribus
783 1500 818 1559 et
833 1493 1015 1559 minoribus
1030 1494 1100 1559 sive
1122 1494 1303 1559 taxationi-

253 1598 323 1677 bus,
341 1598 429 1685 quod
444 1620 504 1663 nos
518 1596 662 1663 decimus
677 1596 890 1677 Witereden;
913 1596 1022 1683 sitque
1037 1596 1141 1662 libera
1155 1596 1303 1662 omniurn

254 1722 362 1765 rerum
392 1723 452 1787 pro
482 1700 672 1765 remissione
703 1700 890 1764 animarum
921 1705 956 1765 et
985 1704 1193 1786 peecatorum
1230 1720 1304 1765 nos-

255 1807 381 1868 trorum
413 1802 484 1868 Deo
514 1803 575 1867 soli
605 1802 648 1867 sd
678 1801 898 1879 serviendum,
929 1802 1000 1867 sino
1030 1800 1240 1890 expeditione
1270 1808 1305 1867 et

255 1904 366 1990 pontis
393 1904 609 1971 instructione
645 1907 680 1969 et
704 1901 787 1968 arcis
814 1902 1010 1983 munitione,
1035 1908 1077 1969 ut
1102 1926 1140 1969 eo
1167 1904 1305 1990 diligen-

255 2006 322 2071 tius
337 2028 395 2092 pro
418 2006 514 2072 nobis
536 2006 579 2071 sd
603 2006 711 2071 Deum
735 2026 844 2091 preces
866 2006 938 2071 sine
959 2006 1139 2072 cessatione
1153 2006 1307 2087 fundant,

256 2130 321 2194 quo
343 2130 456 2173 eorum
479 2109 673 2175 servitutem
698 2108 733 2172 in
756 2108 868 2193 aliqua
890 2114 983 2195 parte
1005 2109 1192 2195 levigamus

311 2210 475 2276 “Placuit
524 2216 634 2277 autem
675 2214 755 2275 tunc
795 2214 911 2295 postea
947 2210 1106 2297 episcopis
1143 2211 1306 2276 Alhstano

257 2314 544 2379 Sohirehurnensis
568 2312 709 2379 ecelesias
740 2317 775 2378 et
798 2312 965 2379 Swithino
996 2313 1307 2379 wintancestrensis

256 2416 399 2482 ecclosiae
429 2438 503 2481 oum
534 2418 602 2481 suis
632 2415 810 2481 abbatibus
839 2420 874 2479 et
908 2418 1011 2481 servis
1041 2416 1105 2481 Dei
1135 2416 1305 2484 consilium
1320 2434 1453 2485 umaro

256 2518 341 2585 inire
372 2524 410 2585 ut
442 2539 554 2617 omnes
584 2518 702 2583 fratres
732 2524 767 2583 et
796 2540 921 2584 sorores
958 2525 1080 2586 nostrae
1110 2518 1152 2585 ad
1190 2502 1465 2617 unaffl'iiahadhiir

257 2642 422 2708 quamque
474 2621 641 2687 eeclesiam
679 2620 770 2686 omni
808 2620 1015 2687 hebdomada
1052 2624 1105 2689 dic
1144 2622 1305 2704 Mercurii,
1319 2633 1474 2699 everyweo-

256 2724 317 2789 hoe
347 2729 397 2789 est
428 2722 651 2809 Wodensday,
683 2723 791 2788 omnis
821 2726 1030 2811 congregatio
1068 2731 1181 2791 cantet
1210 2727 1306 2813 quin·
1319 2703 1421 2766 musy.

257 2827 418 2916 quaginta
440 2846 550 2914 preces
577 2831 611 2891 et
637 2826 862 2914 unusquisque
884 2826 1057 2914 presbyter
1078 2828 1160 2893 duas
1182 2830 1306 2910 missas,

258 2953 358 2995 unam
381 2951 440 3017 pro
469 2951 544 3016 rege
572 2928 774 3010 AEthelwli'o,
802 2935 837 2994 et
863 2929 963 2995 sliam
987 2946 1047 3016 pro
1074 2930 1213 2998 ducibus
1237 2934 1307 2997 eius

257 3033 334 3099 huic
371 3033 457 3098 dono
495 3031 776 3098 consentientibus
808 3055 866 3120 pro
898 3033 1045 3098 mercede
1075 3039 1110 3099 ct
1140 3035 1308 3121 refrigerio

257 3135 451 3201 delictorum
475 3155 630 3200 suorum:
665 3155 724 3222 pro
747 3157 823 3221 rego
854 3135 1001 3214 vivente,
1026 3136 1139 3202 ‘Deus
1162 3138 1221 3222 qui
1241 3137 1309 3203 ius·

257 3237 372 3302 tifieas'
384 3261 393 3318 ;
431 3259 490 3324 pro
514 3237 652 3304 ducibus
675 3237 877 3318 viventibus,
903 3238 1107 3320 ‘Praetenda
1135 3240 1306 3306 Domine':

257 3345 430 3426 postquam
454 3339 601 3404 defuncti
632 3338 765 3419 fuerint,
789 3363 849 3428 pro
881 3361 957 3429 rege
988 3341 1144 3409 defuncto
1165 3343 1308 3431 singula-

256 3441 346 3520 riter,
369 3464 429 3527 pro
451 3440 656 3528 principibus
686 3441 850 3508 defunctis
872 3445 1100 3528 communiter,
1124 3450 1159 3512 et
1179 3447 1242 3512 hoc
1263 3447 1309 3514 sit

257 3547 327 3608 tarn
381 3543 522 3609 firmiter
579 3544 799 3610 constitutum
845 3547 998 3614 omnibus
1044 3549 1309 3616 Christianitatis

257 3644 402 3734 diebus„
421 3645 506 3712 sicut
543 3646 680 3712 libertas
717 3647 775 3713 illa
817 3651 1001 3717 constituta
1046 3657 1104 3733 est,
1151 3654 1308 3739 quamdiu

257 3747 340 3814 fides
362 3747 477 3814 crescit
499 3749 536 3813 in
558 3753 657 3835 gente
680 3749 893 3837 Anglormn.''

304 3850 435 3936 Scripta
472 3855 523 3916 est
568 3855 679 3916 autem
711 3852 782 3918 haec
815 3853 1005 3919 donationis
1050 3857 1178 3922 cartula
1222 3861 1460 3924 annoti-128⁴*-

259 3951 441 4020 Dominioae
479 3953 716 4019 incarnationis
753 3954 1027 4042 octingentesimo
1058 3959 1309 4047 quadragesimo

257 4059 384 4142 quarto,
408 4055 588 4122 indictione
612 4061 739 4142 quarta,
775 4057 829 4122 die
853 4057 1004 4145 quoquo¹
1037 4081 1141 4126 nonas
1165 4062 1309 4128 Novem·

257 4157 335 4239 bris,
367 4158 404 4222 in
448 4158 585 4224 civitate
631 4158 798 4225 Wentana
835 4160 871 4225 in
885 4186 889 4195 ·
902 4162 1036 4227 eeclesia
1073 4164 1179 4230 sancti
1218 4165 1309 4232 Petri

258 4265 337 4326 ante
373 4261 477 4327 altare
511 4261 660 4348 capitale.
729 4261 775 4328 Et
806 4261 867 4328 hoe
904 4263 1053 4330 ieoenmt
1090 4289 1150 4352 pro
1185 4267 1310 4334 honore

258 4363 364 4430 sancti
396 4363 567 4430 Michaelis
589 4363 777 4450 archangeli
812 4369 847 4430 et
881 4372 1004 4433 sanctae
1028 4367 1143 4435 Mariae
1174 4371 1308 4458 regisse,

257 4465 408 4554 gloriosse
446 4465 511 4532 Dei
542 4466 723 4554 genetricis,
759 4467 923 4554 simulque
967 4471 1058 4536 beati
1092 4471 1185 4538 Petri
1217 4495 1310 4560 apos·

826 4663 988 4672 ——.-.
1009 4666 1023 4672 -
1047 4668 1051 4672 .
1075 4667 1105 4674 ...
1122 4669 1139 4674 ..
1161 4669 1296 4674 ...η-...-

566 4784 572 4816 ¹
591 4786 695 4854 quoquo]
715 4787 810 4852 quinto,
827 4787 899 4841 Will.
911 4787 999 4844 Mum.
