3542 5800
465 907 512 957 nn
533 905 648 956 omns
671 903 792 956 usuum
813 903 995 954 mon-11.
1013 887 1063 952 64.
1222 885 1285 948 285

243 1091 434 1158 miserorum
456 1091 610 1172 solamen,
633 1091 758 1158 Filium
779 1111 840 1179 pro
861 1089 959 1157 nobis
981 1085 1192 1176 interpellare
1221 1105 1289 1151 uon

244 1193 372 1261 desinit
416 1193 471 1261 Ne
492 1195 760 1274 contradicemus,
783 1191 995 1270 dilectissimi,
1019 1189 1170 1278 operibus
1200 1208 1289 1254 senc

244 1300 362 1378 torum,
385 1319 461 1384 quae
483 1297 520 1363 in
542 1299 589 1364 eia
613 1303 765 1386 operatus
797 1301 848 1364 est
882 1295 1033 1364 Ohn'stus
1056 1291 1147 1360 Deus
1168 1313 1288 1360 eorum.

244 1399 352 1466 Arbor
373 1399 471 1467 verc¹
505 1400 563 1466 illa
584 1423 717 1488 procera
749 1405 785 1468 et
815 1400 914 1487 longa
943 1398 1030 1486 regis
1053 1395 1135 1462 mihi
1157 1395 1291 1462 videtur

244 1503 424 1590 significare
446 1525 627 1591 personam,
643 1505 736 1571 cuius
757 1503 930 1569 mmmitas
951 1500 1039 1568 foliis
1061 1504 1096 1567 et
1119 1497 1290 1566 frondibus

245 1605 344 1670 densa
377 1611 412 1673 et
441 1606 478 1671 in
514 1606 620 1672 latum
653 1607 730 1674 hinc
762 1605 840 1672 inde
873 1605 1124 1691 circumquaque
1155 1607 1291 1668 extensa

244 1707 454 1775 latitudinem
490 1714 678 1776 sanctarum
704 1707 875 1796 portendit
901 1707 1075 1784 virtutum,
1098 1727 1156 1792 per
1188 1727 1287 1792 quum

246 1811 318 1877 vita
339 1817 525 1878 sanctorum
558 1813 739 1879 adornatur
764 1811 921 1877 virorum.
981 1808 1055 1874 Vini
1093 1813 1205 1875 autern
1242 1807 1292 1874 illi

247 1913 304 2000 qui
335 1913 484 1980 arborem
518 1914 738 1996 succidebant,
769 1912 923 1980 occisores
955 1911 1046 1978 besti
1079 1911 1235 1998 martyris
1257 1915 1292 1977 et

245 2016 377 2103 gloriosi
399 2017 486 2104 regis
508 2023 610 2084 erant
656 2015 795 2084 Turrem
817 2037 947 2104 quoquo
969 2014 1138 2103 sunguriuis
1160 2014 1201 2080 de
1224 2036 1293 2080 suc·

246 2118 313 2183 cisa
341 2118 456 2186 arbore
488 2119 675 2186 fluctuatim
706 2118 914 2206 egredientis,
944 2117 1113 2204 sanguinis
1135 2138 1205 2184 esse
1226 2139 1294 2184 cre·

249 2220 339 2286 ditur
355 2220 482 2288 Christi
503 2222 637 2310 gloriosi
659 2220 785 2300 militis,
808 2220 867 2308 qui
898 2221 941 2287 ad
973 2219 1143 2287 Orientem
1165 2241 1295 2286 cursum

248 2344 343 2389 suum
367 2323 501 2403 direxit,
525 2325 657 2410 quando
679 2325 869 2392 innocentia
890 2323 1009 2390 mortis
1031 2323 1101 2389 eius
1124 2325 1166 2390 ed
1189 2323 1298 2391 Deum

248 2425 283 2490 in
319 2425 402 2492 coslo
438 2432 478 2492 ut
507 2427 690 2494 vindictam
728 2425 889 2515 acciperet
920 2426 1082 2493 clamavit.
1143 2425 1298 2494 Testetur

248 2525 367 2594 beatus
403 2527 575 2596 lohannes
612 2529 701 2616 quod
738 2529 799 2596 sub
838 2529 957 2596 throno
992 2527 1056 2596 Dei
1088 2530 1196 2596 sancti
1227 2529 1299 2596 eiua

249 2629 408 2697 clamant:
442 2639 461 2667 “
469 2631 611 2698 Vindice
632 2631 825 2721 sanguinem
855 2636 1015 2712 nostrum,
1044 2633 1134 2698 Deus
1160 2631 1298 2700 noster.’'

250 2731 295 2798 Et
309 2733 443 2799 David:
470 2743 489 2770 “
498 2734 641 2800 Vindice
662 2735 856 2822 sanguinem
876 2739 1063 2801 sanctorum
1086 2741 1219 2801 tuorum
1241 2735 1300 2822 qui

250 2834 371 2903 effusus
394 2835 475 2904 est.'’
519 2835 609 2904 Num
631 2842 666 2905 et
688 2837 822 2927 sanguis
844 2838 1097 2927 protomartyris
1120 2837 1214 2919 Abel,
1242 2838 1299 2925 qui

250 2938 441 3007 innocenter
475 2940 598 3007 occisus
630 2945 689 3019 est,
713 2940 836 3029 legitur
868 2941 913 3006 ad
936 2942 1044 3007 Deum
1079 2940 1234 3007 clamasse
1258 2940 1299 3005 de

250 3046 356 3108 terra:
397 3041 540 3125 “Ecce''
570 3042 681 3129 inquit
718 3043 880 3111 Dominus
910 3043 954 3109 ad
985 3042 1077 3122 Cain,
1106 3050 1203 3109 “vox
1226 3064 1299 3109 san-

249 3146 360 3231 guinis
383 3144 495 3211 fratris
524 3146 576 3211 tui
598 3145 685 3212 Abel
715 3147 869 3213 deterre
898 3146 1019 3213 elamat
1041 3145 1084 3211 ad
1107 3145 1190 3211 me.”
1244 3146 1299 3211 Ad

251 3247 345 3313 illam
368 3247 526 3315 videlicet
559 3246 729 3315 Orientem
763 3270 895 3315 cursum
928 3270 1024 3315 suum
1062 3248 1234 3337 dirigebat,
1259 3248 1300 3315 de

251 3372 314 3436 quo
336 3350 517 3439 propheta²
540 3350 596 3429 ait,
631 3358 649 3388 “
664 3352 746 3419 Ecce
767 3352 828 3430 vir,
857 3352 951 3417 cuius
981 3358 1032 3419 est
1054 3353 1160 3419 oriens
1181 3374 1300 3419 nomen

252 3452 351 3519 eius.”
396 3453 559 3521 Columna
578 3453 670 3537 lucis,
686 3476 760 3541 quae
782 3455 819 3519 in
835 3454 951 3521 coelum
973 3476 1076 3543 usque
1092 3457 1299 3537 tendebatur,

251 3555 383 3622 claritas
420 3556 581 3624 bonorum
619 3578 755 3644 operum
802 3558 893 3623 illius
930 3560 1135 3647 exprimitur.
1205 3560 1300 3641 Quod

252 3660 387 3726 videbat
416 3683 452 3727 se
483 3680 552 3727 esse
586 3682 682 3725 avem
722 3660 947 3747 pulcritudine
978 3663 1186 3751 singularem,
1209 3665 1301 3729 cuius

252 3761 313 3827 alae
335 3762 372 3827 in
394 3763 607 3830 extremitate
631 3767 728 3830 erant
747 3786 865 3845 aureae,
881 3764 1046 3852 significat
1063 3766 1217 3853 spiritum
1232 3767 1301 3833 eius

251 3864 392 3951 geminis
422 3864 507 3931 alis³
550 3865 725 3947 virtutum,
765 3866 940 3934 dilectione
973 3868 1128 3937 videlicet
1165 3869 1230 3936 Dei
1267 3873 1302 3936 et

251 3967 404 4054 proximi,
442 3968 691 4046 circumdatum,
730 3970 957 4058 splendentem
1001 3970 1127 4059 fulgore
1164 3977 1198 4038 et
1231 3972 1301 4039 luce

252 4070 412 4136 bonorum
444 4092 588 4159 operum,
618 4071 741 4158 quibus
771 4074 808 4138 in
846 4095 974 4140 summo
1005 4074 1148 4142 culmine
1185 4074 1301 4142 lucidss

252 4172 412 4240 columnae
434 4174 600 4240 sublevari
631 4180 668 4241 et
697 4175 885 4264 pertingere
915 4182 1024 4264 posset
1053 4178 1097 4244 ad
1125 4178 1301 4267 gloriosam

252 4277 412 4343 visionem
434 4282 569 4345 aeternae
591 4278 777 4346 maiestatis
799 4279 870 4345 Dei
916 4279 1059 4347 Audivit
1080 4282 1182 4348 etiam
1204 4304 1300 4350 voces

253 4380 288 4445 in
303 4380 387 4447 coelo
406 4379 520 4469 gloriae
542 4380 685 4448 ccdestis
700 4383 743 4449 ad
756 4382 880 4470 gaudia
898 4382 1092 4451 festivitatis
1108 4385 1298 4475 angelorum

253 4482 436 4571 specialiter
457 4483 661 4551 invitantes⁴

287 4746 377 4814 ¹00⁰]
390 4762 459 4812 vern,
470 4748 527 4804 us.
833 4755 952 4821 *μω-κει
962 4756 1024 4825 aar]
1037 4758 1277 4825 gemmulis

287 4826 485 4881 ’suumn
836 4836 1217 4905 *accucurrimus
