3542 5800
426 897 473 947 ns
502 897 617 948 onsrrs
647 897 767 948 neuun
797 898 981 948 suun-11.
1005 884 1057 960 21,
1083 885 1134 948 22.
1240 883 1303 947 101

252 1081 413 1149 aiebant:
456 1083 528 1150 “Si
557 1107 625 1150 non
656 1085 708 1150 vis
739 1084 897 1150 assentire
928 1080 1025 1150 nobis
1056 1083 1093 1148 in
1125 1087 1195 1148 tam
1217 1077 1308 1147 facili

251 1207 352 1250 carisa
374 1207 474 1272 quern
506 1187 658 1274 petimus,
687 1208 754 1251 non
784 1187 907 1273 poteris
928 1185 996 1250 iam
1027 1185 1064 1250 in
1097 1189 1212 1251 nostra
1234 1206 1308 1271 pro

251 1286 364 1351 vincia
385 1287 573 1354 demorari'’
619 1287 664 1354 Ec
678 1288 877 1376 expulerunt
898 1309 982 1366 eum,
998 1309 1036 1352 ac
1057 1287 1100 1353 de
1125 1309 1185 1353 suo
1206 1307 1307 1373 regno

253 1410 329 1453 cum
351 1389 419 1454 suis
441 1390 533 1456 abire
554 1390 727 1455 iusserunt

300 1490 367 1571 Qui
393 1493 547 1578 expulsus
571 1491 657 1569 inde,
684 1491 778 1558 venit
804 1491 973 1572 Kandnm,
1000 1495 1200 1558 &notaturus
1231 1513 1306 1556 cum
1319 1500 1432 1552 Meuius

254 1592 431 1659 camenus
459 1599 493 1660 a
515 1594 614 1660 saa
637 1594 840 1682 coepiscopis,
865 1593 946 1679 quid
969 1593 1005 1658 a
1026 1595 1079 1660 ua
1100 1599 1186 1660 aaut
1208 1568 1468 1686 aga-gum

254 1695 342 1760 dum.
388 1695 632 1782 Decretumque
657 1701 708 1761 est
731 1697 897 1762 communi
925 1697 1068 1773 consilio,
1097 1697 1176 1782 quia
1201 1697 1393 1761 satiaretur

253 1804 339 1863 esset
369 1803 408 1863 ut
438 1819 549 1864 omnes
577 1797 720 1885 patriam
749 1799 931 1876 redeuntes,
962 1798 1066 1864 libera
1088 1799 1137 1864 ibi
1164 1798 1310 1864 Domino

253 1907 363 1966 mente
393 1901 604 1978 deservirent,
631 1923 729 1987 quam
756 1901 843 1966 inter
868 1900 1006 1966 rebelles
1039 1899 1118 1966 fidei
1150 1899 1311 1966 barbaros

253 2002 323 2068 sine
348 2003 458 2070 fructu
485 2003 671 2069 residerent
718 2002 902 2068 Discessere
931 2001 1045 2090 itaque
1070 2003 1171 2090 primi
1201 2001 1309 2068 Melli-

252 2111 309 2170 tus
342 2109 377 2171 et
406 2106 533 2185 duetus,
558 2111 658 2192 atque
688 2105 731 2171 ad
757 2113 868 2192 partes
897 2101 1017 2172 Gallioe
1046 2102 1226 2182 seoessere¹
1258 2104 1306 2170 ibi

252 2229 362 2273 rerum
400 2207 499 2272 finem
538 2213 707 2294 expectare
746 2207 962 2294 disponentes
1024 2207 1090 2274 Sed
1126 2229 1194 2274 non
1231 2214 1307 2296 post

253 2312 357 2378 multo
373 2317 519 2398 ternpore
535 2333 625 2398 reges
641 2311 699 2397 qui
718 2331 901 2397 praeconem
915 2332 937 2375 a
951 2331 986 2375 se
1007 2309 1158 2376 veritatis
1172 2311 1305 2398 expule-

253 2415 336 2490 rant,
353 2414 560 2478 daemoniacis
582 2413 735 2478 cultubus
755 2435 822 2477 non
837 2413 960 2500 inpune
974 2413 1170 2479 serviebant
1216 2413 1251 2478 N
1251 2437 1305 2479 am
1317 2422 1434 2490 Kinegils

252 2517 371 2602 egressi
391 2521 506 2580 contra
527 2521 660 2602 gentem
687 2513 925 2581 Gewisseorum
948 2515 985 2581 in
1004 2517 1163 2603 praelium,
1187 2516 1223 2581 id
1246 2522 1303 2594 est,
1316 2493 1465 2608 {ffi'tff

253 2623 366 2684 contra
388 2618 538 2705 Kinegils
561 2639 671 2704 regem
694 2617 955 2683 Occidentalium
974 2618 1143 2684 Saxonum
1157 2623 1193 2683 et
1208 2617 1305 2698 Quic-
1316 2624 1416 2674 soncos

252 2721 398 2786 helmum
423 2721 556 2785 tratrem
588 2741 691 2796 suum,
717 2741 829 2785 omnes
858 2720 983 2806 pariter
1008 2742 1083 2786 curn
1104 2743 1165 2785 sua
1186 2692 1446 2822 miliciaffi'tm

214 2824 217 2836 ‘
253 2827 451 2888 corruerunt.
507 2821 634 2903 Quibus
671 2821 707 2888 in
743 2843 883 2909 regnum
919 2823 1073 2890 suwessit
1109 2823 1306 2911 segebertus
1317 2825 1454 2874 maaca

253 2931 466 3013 cognomento
488 2946 616 3012 parvus.
1317 2889 1442 2956 ΜΨ

278 3398 436 3484 Qualiter
466 3396 683 3465 Laurentius
705 3394 983 3485 archiepiscopos
1010 3396 1215 3467 Centauris
1243 3398 1286 3467 ab
1320 3392 1361 3443 ¹³¹³·
1375 3384 1432 3441 Μ’

458 3499 690 3587 apostolorum
707 3500 874 3587 prdocipe
889 3500 1102 3587 flapctlotur.
1320 3453 1433 3645 ἵξῃ,

300 3668 386 3733 DUM
408 3688 485 3732 vero
511 3664 708 3731 Laurentius
731 3665 919 3732 Cantuariae
942 3666 1201 3755 archiepiscopus
1224 3667 1308 3733 Mel·
1322 3651 1377 3697 ¹¹⁵·
1432 3738 1438 3752 ⁸

254 3772 352 3836 litum
378 3769 402 3835 J
404 3775 579 3854 ustumque
608 3773 779 3834 secuturus
809 3791 848 3833 ac
874 3769 1082 3835 Britanniam
1105 3775 1191 3835 esset
1215 3771 1307 3835 relic·
1319 3740 1476 3871 115⁸&ss

255 3877 358 3950 turus,
388 3872 484 3937 iussit
513 3872 584 3957 ipse
613 3870 677 3936 sibi
705 3875 800 3935 nocte
839 3870 875 3935 in
914 3872 1046 3937 eeclesia
1085 3871 1305 3959 apostolorum
1318 3872 1402 3965 b'yst„

256 3975 347 4041 Petri
364 3979 398 4040 et
421 3972 524 4052 Pauli,
546 3973 587 4038 de
607 3995 673 4059 qua
691 3972 881 4059 frequenter
905 3973 971 4038 iarn
998 3973 1150 4051 diximus,
1166 3976 1307 4039 stratum
1319 3940 1400 3991 ΜΓ·

255 4078 371 4166 parari.
408 4076 449 4141 In
464 4098 529 4161 quo
553 4074 674 4162 [cum]²
689 4080 763 4161 post
778 4074 900 4140 multas
914 4096 1025 4161 preces
1040 4096 1078 4140 ac
1100 4075 1250 4142 lacrimas
1265 4078 1308 4143 ad

256 4182 364 4246 Deum
391 4200 451 4266 pro
478 4180 570 4243 statu
594 4177 735 4243 ecclesiae
759 4176 855 4254 fissas,
882 4178 926 4241 ad
952 4177 1184 4262 quiescendum
1208 4202 1309 4246 mem-

255 4282 316 4349 bra
345 4280 506 4369 posuisset
536 4284 636 4367 atque
668 4279 896 4355 obdormisset,
929 4281 1084 4365 apparuit
1121 4280 1151 4347 ei
1189 4282 1310 4350 beatis-

257 4386 358 4450 simus
387 4383 607 4470 apostolorum
637 4382 794 4468 princeps,
828 4387 862 4446 et
899 4382 1004 4446 multo
1033 4382 1127 4448 illum
1164 4389 1311 4473 tempore

257 4492 393 4553 secretae
414 4486 520 4551 noctis
546 4484 683 4573 flagellis
704 4484 880 4550 artioribus
904 4483 1055 4563 afficiens,
1082 4488 1311 4555 sciscitabatur·

293 4810 441 4877 ¹recessere]
455 4806 653 4873 occessersdtt's
769 4809 774 4877 Ι
822 4806 832 4837 ’
848 4810 915 4875 cua]
935 4826 984 4861 om.
997 4810 1046 4862 MS
