3542 5800
475 915 523 964 nn
543 911 660 966 omns
682 914 804 966 susos
827 911 1010 966 suen-n
1035 901 1085 966 64.
1238 902 1303 968 283

256 1106 489 1194 espuistsm¹;
518 1110 554 1172 in
582 1113 618 1173 te
644 1125 749 1172 unum
781 1125 816 1172 ss
838 1111 913 1173 tots
934 1107 1104 1194 provincis
1124 1111 1303 1186 eonvertst,

258 1210 458 1298 probiietem
479 1208 766 1298 magnanimitatis
788 1213 857 1276 tuse
879 1207 1007 1276 strenui
1030 1209 1153 1298 quique
1175 1211 1308 1298 loquen-

258 1320 321 1390 tur,
344 1334 466 1380 nomen
494 1319 592 1380 tuum
615 1317 649 1380 st
672 1312 794 1378 famem
816 1333 929 1380 omnes
951 1313 1030 1380 boni
1053 1311 1251 1395 dilstsbuni‚
1274 1320 1309 1380 te

259 1417 353 1483 urbes
378 1422 414 1482 et
438 1416 559 1504 oppido
579 1416 624 1482 sd
644 1437 705 1482 sne
726 1415 879 1504 proesidis
901 1416 1076 1494 vocabunt,
1100 1413 1253 1483 eivitetes
1275 1419 1310 1483 et

258 1519 414 1586 suburbio
461 1524 496 1584 ts
532 1519 669 1605 pstrieio
720 1519 926 1595 sxrrltsbunt
965 1519 1156 1584 seditionem
1194 1519 1310 1606 petriae

257 1622 433 1689 inferentes
447 1627 580 1688 tentum
602 1621 768 1688 vindieen
791 1621 1022 1688 formidabunt
1063 1620 1310 1709 Rempubliosm

258 1747 317 1813 psr
331 1730 458 1790 veteres
480 1724 703 1805 constitutam,
733 1731 849 1812 perte
873 1745 952 1790 vero
975 1725 1010 1790 in
1033 1724 1149 1790 melius
1178 1743 1311 1813 provee-

261 1833 330 1894 tsm
360 1833 396 1894 et
438 1827 634 1893 sublimius⁹
664 1832 795 1894 euotsm
826 1827 951 1893 tueoris
985 1831 1122 1915 oportet,
1157 1833 1193 1894 et
1223 1827 1311 1896 diem

260 1929 472 1997 exultationis
512 1933 547 1995 st
579 1929 708 1996 lsetitiae
751 1935 848 1996 tsnts
892 1929 1039 2018 principe
1083 1931 1230 1998 virtorioe
1270 1933 1311 2000 ds

261 2033 377 2121 proelio
404 2033 562 2099 redeunte
583 2031 708 2099 finibus
736 2037 805 2098 tuse
828 2033 1017 2099 nativitatis
1039 2033 1181 2100 induens.
1223 2035 1311 2100 Telis

260 2139 324 2203 erit
345 2137 510 2224 exproesio
541 2135 670 2214 somnii,
702 2154 801 2222 quem
832 2157 854 2201 s
885 2157 948 2216 ms,
980 2135 1181 2202 invincibilis
1206 2137 1310 2219 heros,

261 2239 410 2306 audieti.”
471 2239 611 2326 Reliqua
639 2239 691 2304 his
721 2239 843 2304 similis
870 2259 947 2304 oum
976 2240 1029 2304 vir
1051 2239 1212 2327 ingenuus
1237 2261 1310 2306 eum

261 2365 320 2409 suo
364 2342 510 2430 principe
553 2342 754 2422 contulisset,
799 2347 835 2407 et
888 2341 1029 2408 eoelestis
1073 2344 1311 2430 contemplator

259 2447 396 2513 visionis
424 2447 636 2512 vehementer
657 2445 893 2532 ingemisceret,
920 2445 1046 2523 leniter,
1078 2453 1095 2482 “
1108 2445 1235 2528 Quem,
1259 2449 1311 2513 vir

261 2548 419 2638 egregis,”
456 2549 574 2635 inquit,
617 2555 689 2614 “ne
736 2569 789 2614 ms
826 2549 889 2615 hee
926 2549 1133 2636 oppressione
1177 2551 1310 2616 studeas

261 2653 385 2720 effioere
406 2657 539 2730 eertum,
571 2651 726 2736 quonism
759 2651 917 2718 revolutio
949 2651 1084 2718 alterius
1117 2652 1311 2740 interprete-

182 2743 198 2768 ’
262 2755 363 2823 tionis
409 2753 547 2841 requirit
593 2753 755 2819 effectum.
826 2753 893 2818 Sed
929 2753 1006 2820 sdes
1044 2753 1151 2820 sdhuo
1189 2754 1308 2834 animo,

263 2860 436 2945 taliterque
480 2856 635 2923 disserere
681 2856 840 2925 visionem
890 2857 1015 2935 omitte,
1059 2861 1094 2924 et
1130 2877 1207 2944 quse
1245 2857 1309 2926 tibi

262 2964 387 3029 ediesm
416 2961 607 3027 commende
635 2962 808 3027 memoriae.
864 2960 961 3025 Fides
987 2961 1075 3026 enim
1101 2960 1309 3027 revelationis
1323 2962 1436 3029 Offir-

261 3066 353 3133 uliud
366 3064 502 3131 hebebit
524 3062 793 3151 experimentum,
816 3066 852 3129 et
874 3062 1006 3127 meionis
1029 3064 1307 3149 interpretationis
1321 3046 1441 3161 ffim

262 3170 357 3255 longe
386 3168 535 3234 altiorem
563 3167 730 3254 pertinget
768 3166 810 3230 ed
839 3169 959 3231 notum
1020 3163 1140 3229 Feoiiis
1169 3165 1306 3233 fortusse
1319 3162 1476 3282 {⁸0¹}ch

263 3271 355 3338 nobis
383 3270 482 3337 hodie
521 3268 565 3335 sd
595 3274 774 3355 tyrannum
800 3267 929 3354 pstebit
960 3268 1147 3355 ingressum
1192 3288 1306 3335 verum

263 3376 441 3462 ignoretur,
482 3377 594 3438 utrum
623 3371 715 3458 optio
743 3376 944 3458 proponetur
980 3371 1082 3437 libers
1116 3374 1308 3439 revertendi

265 3478 478 3556 Sententiam,
503 3498 578 3562 quse
600 3496 698 3561 super
719 3495 773 3540 me
786 3473 952 3561 praeiinits
974 3478 1025 3541 est
1045 3496 1066 3539 s
1092 3474 1171 3553 Deo,
1199 3478 1308 3543 animo

265 3602 330 3647 non
351 3580 512 3645 infiunito
537 3578 701 3665 patienter
722 3577 886 3664 expsot0.’'

266 4006 517 4097 cosnsrsno
572 4003 818 4090 Immune
856 3999 987 4069 emori
1025 4001 1112 4069 beart
1143 4002 1310 4089 martyre

516 4123 583 4195 pro
605 4104 878 4173 consideratione
901 4104 1066 4173 ossitotie.

310 4342 401 4411 Hno
423 4338 548 4411 athlete
562 4340 698 4409 Domini
713 4340 939 4408 AEthelbertus
955 4341 995 4406 de
1019 4362 1059 4405 se.
1105 4336 1176 4405 Nos
1191 4346 1309 4419 sutem,
1325 4372 1381 4424 sse
1391 4373 1480 4425 author

266 4443 443 4515 adiurante
470 4446 599 4535 Spiritu
620 4446 780 4524 veritatis,
805 4449 1097 4532 quantumcunque
1120 4441 1162 4509 de
1192 4438 1310 4509 somnii
1323 4456 1440 4558 prgam

266 4553 409 4619 veritate
438 4552 618 4639 poterimus
652 4551 804 4625 conicere,
829 4548 906 4613 huie
936 4548 1027 4636 operi
1061 4548 1310 4635 interpretando
1323 4524 1469 4639 ῗωψῖζω.

1324 4642 1384 4692 tion.

301 4854 470 4924 ‘conum
483 4856 607 4921 opum,
619 4854 676 4905 sss.
781 4852 787 4921 ι
845 4852 1002 4920 musmo]
1015 4852 1144 4916 susumus,
1155 4848 1212 4903 ise.
