3542 5800
484 912 531 960 on
560 912 675 960 omns
706 911 827 962 secun
856 911 1043 962 suan-11.
1069 899 1119 960 24.
1262 897 1327 969 107

322 1096 447 1162 Eadem
477 1103 590 1163 autem
620 1101 716 1162 noete
746 1104 960 1164 sacrosanctae
984 1097 1169 1164 Dominicae
1195 1095 1328 1162 Paschae

277 1200 403 1285 peperit
425 1201 539 1287 regina
561 1200 664 1265 filiam
687 1201 765 1287 regi,
781 1202 835 1266 cui
849 1223 970 1267 nomen
985 1201 1133 1267 Anfleda
1179 1199 1328 1286 Cumque

275 1300 363 1366 idem
386 1323 445 1366 rex
469 1307 629 1388 praesente
656 1301 794 1368 Paulino
817 1303 967 1390 episcopo
986 1302 1112 1391 gratias
1132 1309 1243 1389 ageret
1265 1303 1328 1368 diis

274 1403 342 1468 suis
364 1425 423 1490 pro
446 1409 526 1469 nata
548 1405 612 1469 eibi
633 1405 711 1482 filia,
728 1427 747 1470 e
766 1409 879 1472 contra
901 1405 1070 1492 episcopus
1090 1407 1213 1492 gratias
1227 1404 1328 1489 coepit

275 1527 371 1591 agere
402 1506 546 1571 Domino
581 1497 721 1584 Christo,
753 1507 888 1593 regique
916 1514 1071 1585 astruere,
1110 1506 1218 1593 quod¹
1257 1507 1327 1593 ipse

1340 1103 1459 1170 AM,

1339 1172 1501 1235 daughteros

1340 1238 1438 1290 Edvin.

275 1607 424 1694 precibus
448 1608 516 1676 suis
539 1609 628 1696 apud
650 1609 743 1676 illum
767 1609 956 1696 optinuerit,
979 1617 1020 1678 ut
1035 1610 1151 1698 regina
1167 1631 1275 1698 sospes
1293 1615 1347 1694 et¹

275 1707 398 1794 absque
416 1709 527 1775 dolore
553 1709 649 1798 gravi
675 1710 819 1778 sobolem
843 1717 1033 1800 procrearet.
1089 1711 1191 1776 Cuius
1217 1710 1326 1776 verbis

273 1810 454 1876 delectatus
478 1833 545 1889 rex,
574 1812 726 1898 promisit
748 1835 783 1878 se
807 1812 1048 1878 abrenuntiatis
1071 1811 1169 1877 idolis
1194 1811 1325 1876 Christo

273 1913 481 1990 serviturum,
513 1914 541 1980 si
571 1913 678 1980 vitam
715 1914 778 1980 sibi
810 1919 845 1980 et
875 1913 1049 1980 victoriam
1079 1915 1216 1980 donaret
1244 1936 1327 2000 pug-

274 2014 369 2080 nanti
406 2015 563 2081 adversus
593 2038 715 2104 regem,
741 2039 762 2081 a
787 2039 853 2102 quo
882 2016 1046 2082 homicida
1075 2017 1131 2083 ille
1163 2016 1220 2102 qui
1250 2037 1326 2081 eura

273 2116 504 2182 vulneraverat
526 2118 644 2184 missus
668 2123 725 2183 est
774 2118 820 2182 Et
842 2118 877 2182 in
902 2118 1022 2205 pignus
1051 2118 1227 2204 implendae
1252 2140 1325 2204 pro

273 2219 442 2298 missionis,
474 2221 611 2286 eandem
648 2219 751 2288 filiam
789 2242 883 2286 suam
915 2219 1047 2286 Christo
1076 2220 1324 2286 consecrandam

269 2321 412 2404 ,Paulino
427 2322 576 2410 episeopo
592 2321 792 2408 assignavit3
807 2345 880 2409 quae
895 2323 1065 2409 baptizata
1079 2326 1129 2391 est
1143 2323 1196 2388 die
1211 2327 1348 2390 sancto·

272 2430 482 2510 pentecostes,
507 2425 615 2511 prima
634 2425 675 2490 de
697 2429 797 2512 gente
820 2425 1130 2506 Nerthumbrorum,
1146 2447 1221 2492 cum
1243 2426 1323 2492 duo-
1367 2494 1372 2501 ,

272 2526 376 2594 decim
398 2526 472 2592 aiiis
494 2527 534 2592 de
558 2526 685 2598 familia
708 2528 785 2594 eius.

318 2629 390 2709 Quo
415 2634 561 2716 tempore
587 2636 720 2696 curatus
743 2653 764 2696 a
788 2629 925 2700 vulnere
951 2630 1014 2697 sibi
1043 2629 1171 2718 pridem
1197 2629 1323 2696 inflicto

269 2753 329 2796 rex
360 2732 493 2798 ocilecto
523 2733 671 2798 exercitu
694 2732 789 2800 venit
823 2733 981 2800 adversm
1009 2739 1142 2820 gentem
1168 2732 1324 2800 Occiden-

268 2835 388 2901 talium
413 2833 590 2913 Saxonum,
606 2857 644 2901 ao
658 2835 744 2901 beilo
767 2835 860 2913 inite,
877 2837 1047 2905 universos
1063 2858 1145 2925 quos
1158 2836 1196 2901 in
1209 2857 1322 2902 necem

267 2960 362 3005 suam
385 2938 583 3023 conspirasse
602 2938 769 3014 didicerat,
789 2944 848 3005 aut
870 2938 1076 3015 trucidavit,2
1092 2944 1151 3005 aut
1173 2938 1210 3003 in
1232 2938 1322 3003 dedi-

269 3040 393 3121 tionem
416 3041 546 3127 recepit.
593 3039 832 3127 Sicqueviotor
854 3041 892 3107 in
913 3040 1058 3127 patriam
1072 3061 1231 3119 reversus,
1255 3061 1323 3104 non

267 3143 381 3211 statim
409 3148 444 3208 et
470 3142 654 3209 inconsulte
680 3148 884 3209 secmmenta
913 3143 992 3207 fidei
1022 3141 1221 3209 Obrutianae
1250 3163 1323 3228 per·

267 3246 374 3333 cipere
396 3246 523 3313 voluit:
549 3245 700 3331 quamvis
723 3266 782 3311 nec
804 3245 902 3311 idolis
924 3245 1015 3311 ultra
1036 3243 1182 3321 servivit,
1199 3266 1242 3310 ex
1257 3265 1322 3329 quo

267 3371 302 3415 se
327 3349 459 3415 Christo
483 3348 683 3415 serviturum
710 3370 779 3415 esse
802 3347 1005 3435 promiserat
1062 3346 1186 3413 Verum
1216 3347 1321 3434 primo

268 3452 460 3539 diligentius
484 3472 526 3517 ex
555 3454 702 3537 tempore
726 3456 760 3519 et
780 3452 824 3516 ab
846 3450 917 3537 ipso
939 3449 1121 3517 venerabili
1143 3449 1215 3515 viro
1237 3450 1322 3517 Pau·

268 3554 337 3621 lino
368 3554 530 3620 rationem
561 3552 638 3618 fidei
663 3552 811 3631 ediscere,
845 3558 878 3619 et
908 3575 983 3619 cum
1020 3553 1087 3619 suis
1117 3553 1321 3640 primatibus,

267 3680 349 3743 quos
373 3654 587 3742 sapientiores
608 3660 755 3731 noverat,
781 3655 912 3723 curavit
932 3655 1085 3733 conferre,
1110 3656 1190 3743 quid
1207 3656 1249 3721 de
1271 3656 1322 3723 his

1336 2641 1400 2693 War
1410 2643 1472 2695 with

1336 2708 1423 2762 Faeeex.

266 3760 432 3847 agendum
470 3757 717 3824 arbitrarentur.
780 3758 845 3825 Sed
876 3764 910 3825 et
939 3758 1010 3845 ipse
1047 3780 1121 3823 cum
1155 3763 1239 3823 esset
1269 3759 1322 3823 vir
1380 3797 1383 3801 ⁴

266 3870 390 3929 natura
414 3860 647 3947 sagacissimus,
673 3882 758 3949 saepe
783 3860 841 3925 diu
866 3859 955 3925 solus
984 3860 1137 3935 residens,
1163 3880 1219 3923 ore
1249 3859 1321 3944 qui-

269 3965 345 4031 dem
371 3963 483 4042 taeito,
507 3962 564 4027 sed
589 3959 668 4049 [in]³
693 3961 819 4029 intimis
844 3962 950 4029 cordis
967 3961 1073 4026 multa
1092 3980 1202 4025 secum
1224 3958 1320 4024 collo-

267 4088 381 4153 quens,
401 4065 482 4151 quid
505 4063 570 4129 sibi
591 4070 675 4131 esset
700 4064 893 4137 faciendum,
914 4084 988 4149 quae
1010 4062 1127 4149 religio
1149 4060 1318 4142 servando,

266 4168 441 4235 tractabat.

305 4472 310 4499 ¹
323 4468 399 4537 quod]
413 4471 481 4535 quid,
493 4470 549 4523 MS.
853 4474 862 4501 ¹
874 4469 913 4537 in]
927 4485 976 4519 om.
988 4469 1043 4523 MS.
1077 4470 1129 4522 But
1139 4486 1180 4523 see
1190 4471 1252 4523 Bed.

301 4552 312 4581 ²
324 4548 467 4617 taddaei]
487 4550 584 4611 occidit,
595 4550 671 4601 Bede-
1290 4590 1292 4593 .
