3542 5800
469 877 536 942 284
733 888 799 942 nuc.
822 889 870 940 na
892 889 1023 942 cremo
1046 888 1136 942 srnc
1160 890 1245 942 msr.

302 1090 420 1160 ΜΡ·
470 1101 538 1146 ΠΟΠ
559 1082 687 1170 Pi80bii
707 1083 859 1150 inserere.
908 1083 1051 1150 Videtur
1073 1085 1185 1172 itaque
1207 1105 1299 1150 casus
1321 1085 1375 1151 ille
1397 1085 1513 1151 domus

300 1174 418 1292 ἢ,
470 1206 492 1248 a
511 1206 639 1252 summo
660 1185 794 1274 fastigio
815 1188 997 1254 corruentis
1019 1187 1252 1254 desolationem
1273 1189 1364 1274 regni
1386 1187 1511 1274 signifi.

300 1361 351 1414 tc.

301 1293 457 1359 meorum,
468 1309 550 1368 cere,
573 1290 662 1357 unde
682 1289 780 1356 ruins
801 1292 912 1379 gmms
934 1295 1051 1358 exorta
1073 1295 1123 1358 est
1138 1289 1361 1357 Orientalibus
1383 1290 1510 1377 Anglis,

467 1395 573 1459 tantae
602 1393 799 1460 innocentiae
824 1393 897 1460 viro
920 1395 1008 1481 apud
1028 1394 1185 1460 nefandas
1206 1393 1357 1461 nationes
1377 1393 1512 1459 fraudu-

466 1493 574 1560 lenter
606 1496 763 1562 extincto.
841 1495 973 1564 Cornua
1009 1519 1086 1564 vero
1117 1497 1257 1563 thalami
1289 1497 1433 1564 cadendo
1466 1497 1509 1562 ad

467 1601 589 1664 tenum
611 1598 785 1680 confi-uota,
808 1600 971 1666 fortitudo
993 1605 1045 1666 cst
1078 1599 1282 1688 principatus
1304 1621 1425 1682 corum,
1455 1620 1514 1687 per

466 1707 605 1768 mortem
642 1702 799 1790 principis
838 1703 891 1768 sui
933 1703 1122 1770 conculcata
1152 1703 1195 1769 ab
1225 1703 1369 1768 inimicis
1400 1706 1436 1768 et
1467 1704 1509 1768 ad

466 1803 608 1870 nihilum
642 1805 781 1873 redacta.
842 1805 941 1872 Unde
973 1829 1031 1895 par
1062 1803 1217 1872 Abacuc¹
1253 1807 1446 1894 prophetam
1469 1805 1510 1872 de

466 1907 653 1994 proeiiatom
673 1913 785 1975 nostro
807 1907 933 2002 dictum
956 1908 1052 1976 est’:
1093 1917 1111 1947 ‘⁸
1124 1907 1255 1976 Cornua
1291 1911 1328 1974 in
1358 1908 1510 1974 manibus

466 2010 557 2090 eius3
593 2010 641 2076 ihi
673 2010 865 2077 abscondita
895 2017 946 2078 cst
981 2011 1143 2079 fortitudo
1174 2009 1272 2078 sius’'
1326 2009 1510 2098 Sanguine·

466 2113 565 2180 lentae
598 2113 747 2196 lacrima
779 2137 861 2202 quas
895 2115 984 2181 beati
1019 2114 1214 2181 AEthelberti
1249 2119 1354 2181 mater
1385 2114 1509 2180 eiulans

466 2214 680 2295 effundebat?
702 2217 828 2284 dolores
844 2217 952 2285 cordis
974 2223 1102 2284 suntet
1118 2218 1281 2305 passiones
1303 2217 1507 2296 intrinsecus,

466 2340 547 2405 quos
568 2341 628 2407 pro
649 2320 823 2386 amissione
845 2321 907 2387 filii
936 2321 988 2386 sui
1016 2321 1087 2387 sine
1109 2321 1350 2387 intermissione
1372 2320 1510 2407 perfers·

465 2421 532 2486 bat.
593 2421 694 2488 Unde
730 2443 833 2490 senex
869 2423 926 2488 illc
965 2423 1107 2503 Simeon,
1146 2425 1205 2511 qui
1238 2425 1275 2488 in
1312 2424 1399 2489 ulnis
1440 2424 1510 2489 suis

466 2522 647 2590 Dominum
668 2527 817 2612 portavit
838 2525 1008 2605 infantem,
1034 2535 1051 2562 “
1064 2525 1176 2608 Ecee,''
1197 2525 1254 2605 ait,
1279 2534 1298 2560 “
1312 2527 1437 2614 positus
1458 2533 1510 2593 cst

465 2627 519 2694 hic
548 2629 584 2692 in
617 2629 746 2695 ruinam
779 2635 814 2696 et
846 2632 1115 2698 resurrectionem
1138 2631 1316 2698 multorum
1338 2629 1374 2694 in
1397 2629 1507 2708 Israel,

466 2736 500 2797 at
530 2731 566 2798 in
588 2731 719 2820 signum
740 2734 793 2800 cui
816 2734 1085 2801 contradicetur.''
1131 2731 1204 2799 “In
1233 2732 1394 2810 ruinem,''
1415 2731 1508 2799 vids-

465 2833 541 2901 licet
563 2834 759 2917 infidelibus,
791 2843 826 2905 et
864 2844 883 2873 “
894 2837 930 2904 in
964 2837 1232 2905 resurrectionem
1244 2832 1263 2861 '’
1292 2834 1506 2903 credentibus.

466 2937 605 3005 Credere
638 2940 727 3007 enim
760 2941 917 3007 debemus
951 2962 1152 3029 quaecunque
1180 2939 1355 3007 decedam
1377 2938 1450 3006 Deo
1472 2944 1508 3005 et

465 3041 610 3109 Domino
632 3048 746 3111 nostro
776 3045 812 3110 in
843 3045 1015 3132 cvangeho
1038 3044 1160 3133 scripta
1183 3050 1269 3123 sunt,
1293 3049 1328 3109 ct
1350 3043 1507 3111 catholice

464 3152 564 3232 atque
587 3146 768 3214 orthodoxe
798 3147 975 3235 praedicare
1013 3169 1087 3234 quae
1123 3168 1181 3234 per
1214 3169 1288 3213 eum
1319 3147 1356 3211 in
1386 3146 1508 3211 sanctis

464 3249 534 3315 cius
555 3247 751 3315 mirabiliter
771 3256 866 3337 gesta
888 3256 972 3317 sunt.
1030 3250 1104 3316 “Et
1137 3250 1172 3315 in
1205 3250 1334 3337 signum
1356 3250 1409 3315 cui
1431 3269 1508 3337 eon·

463 3350 671 3418 tradicetur.”
716 3351 782 3422 Cui
804 3352 900 3440 signo
922 3352 1163 3419 contradictum
1179 3356 1252 3419 esti
1296 3352 1507 3441 Resurgentis

461 3454 574 3541 gloriae
597 3454 763 3522 duntaxat
794 3477 816 3521 a
846 3455 987 3522 mortuis
1019 3461 1054 3523 st
1084 3456 1191 3522 multa
1228 3476 1336 3521 secum
1373 3476 1507 3542 corpora

462 3562 666 3622 mortuorum
703 3558 934 3624 resuscitantis
996 3558 1051 3625 Ad
1083 3558 1214 3626 beatem
1240 3580 1318 3624 vero
1357 3557 1504 3637 Mariam,

464 3659 552 3723 “Et
595 3658 719 3738 tuam,'’
755 3660 876 3747 inquit,
923 3662 1059 3749 “ipsius
1103 3662 1247 3727 animam
1291 3660 1506 3749 pertransibit

461 3761 619 3851 gladius”
672 3762 812 3830 Gladius
833 3764 897 3831 iste
920 3766 1011 3832 dolor
1039 3769 1090 3831 cst
1111 3764 1269 3851 passionis
1292 3763 1424 3845 Christi,
1448 3766 1505 3850 qui

463 3868 499 3933 in
520 3866 579 3932 illa
600 3865 721 3933 cotidie
742 3866 931 3953 penetravit
953 3890 1056 3955 usque
1088 3869 1130 3935 ad
1161 3867 1357 3933 divisionem
1386 3868 1505 3935 animas

463 3994 502 4037 ac
538 3970 681 4059 spiritus,
712 3990 906 4057 compagum
944 3993 1074 4057 quoque
1111 3993 1149 4037 sc
1181 3970 1405 4051 medullamun,
1440 3992 1506 4058 quo

464 4075 554 4142 cordi
575 4075 645 4139 eius
666 4072 771 4138 infixo
786 4073 858 4138 fons
881 4072 1010 4139 effluxit
1032 4072 1249 4155 lacrimarum,
1265 4074 1366 4139 donec
1386 4074 1508 4139 miren-

463 4178 555 4244 tibus
570 4176 696 4243 cunctis
709 4177 809 4242 curiae
823 4176 963 4242 coelestis
977 4176 1156 4263 praeelectis
1175 4175 1352 4254 ordinibus,
1368 4176 1507 4263 gloriosa

465 4285 501 4345 et
523 4279 605 4345 felix
627 4283 761 4345 asternae
782 4278 967 4345 maiestatis
990 4278 1054 4345 Dei
1068 4278 1252 4344 thalamum
1266 4278 1424 4356 introivit,
1448 4278 1507 4344 ubi

461 4402 560 4469 super
582 4402 695 4447 omnes
717 4382 908 4468 angelorum
940 4382 1119 4470 dignitates
1145 4387 1320 4471 assumpta,
1343 4382 1504 4469 singulare

463 4576 618 4583 ..n—.-
628 4576 723 4583 -·—-
735 4576 754 4582 -.
774 4577 850 4584 .---.
863 4577 959 4585 ..-.-....
970 4577 1039 4584 ...---
1047 4576 1203 4583 ---·--—--..
1220 4574 1393 4582 .--.-.--.-

495 4710 837 4847 :assumus
1040 4710 1419 4779 nasammonas

592 4792 664 4847 usa
