3542 5800
473 885 520 934 nn
542 883 660 934 onsrrs
683 881 803 932 annun
824 881 1006 932 anon—11.
1031 866 1059 932 6.
1249 865 1290 929 ol

283 1071 474 1160 Responsio
497 1071 585 1138 beati
606 1069 769 1158 Greporit.
817 1069 927 1135 “Hoc
950 1075 1010 1136 tua
1035 1071 1228 1138 fraternitas
1251 1095 1294 1138 ex

238 1197 378 1264 persona
411 1175 493 1240 furis
524 1195 662 1262 pensare
695 1177 814 1259 potest,
848 1169 993 1257 qualiter
1023 1173 1135 1239 valcat
1166 1175 1293 1262 corrigi.

240 1279 328 1344 Sunt
374 1279 462 1343 enim
501 1277 635 1364 quidam
673 1277 730 1363 qui
776 1275 936 1340 habentes
973 1275 1121 1341 subsidia
1164 1277 1293 1342 furtum

239 1387 440 1468 perpetrant,
473 1385 507 1445 et
538 1385 617 1444 sunt
647 1379 706 1443 alii
736 1379 794 1464 qui
824 1377 887 1442 hac
916 1376 952 1441 in
975 1399 1010 1442 re
1033 1401 1076 1442 ex
1105 1380 1218 1466 inopia
1240 1381 1295 1446 dc·

238 1484 417 1569 linquunt:
443 1482 531 1547 unde
554 1501 683 1547 necesse
706 1485 757 1546 est
780 1485 819 1545 ut
840 1478 976 1566 quidam
999 1481 1139 1561 damnis,
1159 1483 1294 1568 quidam

239 1607 318 1652 vero
345 1585 557 1664 verberibus3
589 1589 624 1649 et
647 1583 784 1668 quidam
807 1583 999 1661 districtius,
1023 1583 1158 1669 quidam
1181 1591 1293 1651 autem

240 1689 347 1753 levius
378 1687 591 1774 corrigantur.
648 1686 694 1752 Et
725 1708 801 1750 cum
830 1685 930 1774 paulo
960 1686 1144 1753 districtius
1174 1689 1293 1774 agitur,

239 1812 282 1855 ex
319 1790 458 1855 caritate
496 1789 661 1876 agendum
699 1794 757 1867 est,
789 1794 825 1854 et
861 1807 931 1852 non
968 1810 1012 1854 ex
1048 1789 1177 1854 furora:
1217 1791 1296 1876 quia

241 1890 304 1978 ipsi
327 1891 389 1956 hoc
413 1895 592 1977 praestatur
618 1891 676 1976 qui
707 1890 893 1977 corrigitur,
917 1911 960 1954 ne
981 1890 1141 1977 gehennon
1162 1890 1297 1979 ignibus

240 1995 401 2060 tradatur.
464 1993 520 2058 Sic
550 1993 640 2058 enim
675 2014 735 2058 nos
767 1991 919 2058 fidelibus
949 1997 1061 2057 tenere
1090 1994 1297 2080 disciplinam

242 2097 408 2177 debemus,
446 2097 533 2161 siout
569 2095 650 2161 boni
687 2099 797 2182 patres
840 2095 1028 2160 carnalibus
1064 2095 1143 2161 filiis
1180 2096 1294 2176 solent,

240 2220 322 2286 quos
345 2205 379 2264 ct
406 2220 466 2286 pro
494 2199 598 2284 culpis
625 2197 818 2263 verberibus
844 2196 978 2274 feriunt,
1003 2203 1039 2262 et
1064 2202 1178 2264 tamen
1200 2200 1296 2286 ipsos,

241 2322 323 2388 quos
359 2301 527 2366 doloribus
557 2299 719 2387 affligunt,
750 2299 872 2364 habere
905 2299 1039 2366 heredes
1069 2306 1233 2387 quaerunt,
1263 2306 1299 2367 et

241 2425 316 2490 quae
345 2403 514 2489 possident
545 2402 624 2490 ipsis
648 2405 791 2480 servant,
816 2423 899 2488 quos
920 2401 1004 2467 irati
1030 2403 1160 2488 insequi
1182 2405 1297 2469 viden·

241 2511 304 2572 tur.
353 2504 436 2571 Haec
466 2525 543 2591 ergo
566 2503 687 2570 caritas
713 2505 749 2569 in
771 2509 884 2569 mente
908 2505 1054 2570 tenenda
1079 2512 1140 2587 est,
1167 2507 1300 2592 etipsa

240 2609 375 2674 modurn
404 2607 615 2672 correctionis
631 2595 756 2684 ¹dictat,
781 2607 832 2672 ita
855 2610 896 2671 ut
921 2628 1016 2672 mens
1042 2613 1139 2674 extra
1161 2609 1300 2674 rationis

241 2710 390 2798 regulam
424 2710 558 2776 omnino
589 2709 675 2774 nihil
705 2709 813 2776 faciat
860 2708 970 2774 Addis
1000 2710 1109 2788 etiam,
1134 2713 1299 2797 quomodo

240 2837 280 2880 ea
304 2835 379 2901 quae
403 2813 493 2878 furto
521 2811 561 2877 ds
588 2813 730 2878 ecclesiis
756 2811 957 2878 abstulerint
981 2813 1117 2878 reddere
1147 2814 1298 2880 debeant.

242 2918 308 2984 Sed
345 2916 434 2983 absit
471 2921 510 2982 ut
539 2915 675 2981 ecclesia
703 2938 778 2981 curn
816 2920 999 3003 augmento
1029 2917 1177 3002 recipiat,
1209 2917 1298 3001 quod

242 3021 283 3086 de
319 3020 458 3085 terrenis
489 3018 587 3085 rebus
612 3018 746 3083 videtur
779 3017 944 3097 amittere,
969 3021 1005 3083 et
1026 3019 1118 3083 lucra
1140 3018 1181 3082 de
1203 3019 1299 3083 vanis

243 3120 416 3208 quaerere.''

287 3222 517 3308 Imenoqario
540 3222 628 3289 beart
650 3219 856 3309 Aspasioi.
902 3228 921 3259 “
931 3219 968 3287 Si
991 3221 1133 3287 debeant
1148 3222 1214 3289 dno
1228 3244 1300 3310 ger·
1311 3233 1334 3307 ⁴:
1352 3226 1425 3309 Μῦες

243 3326 334 3393 mani
365 3327 483 3392 fratres
514 3326 661 3413 singulas
692 3346 818 3391 sorores
849 3324 1002 3411 accipere,
1038 3346 1112 3411 quae
1146 3331 1225 3391 sunt
1257 3327 1300 3392 ab
1312 3295 1455 3414 {¹33}th

241 3430 308 3494 illis
331 3429 430 3515 longa
451 3428 605 3515 progenie
627 3426 833 3515 generatael”
1316 3430 1393 3479 wiser
1404 3430 1449 3479 ⁸1⁸·

289 3529 478 3618 Responsio
495 3528 582 3597 beart
599 3528 762 3614 Greporii.
809 3529 913 3596 “Hoc
933 3530 1005 3597 fieri
1027 3530 1134 3595 modis
1149 3532 1303 3597 omnibus
1314 3504 1360 3548 ter.

244 3634 341 3701 licet:
378 3654 585 3719 nequaquam
618 3633 707 3697 enim
737 3632 774 3696 in
808 3634 907 3699 sacris
944 3632 1085 3718 eloquiis
1122 3633 1303 3714 invonitur,

244 3736 333 3823 quod
354 3736 431 3801 huic
453 3736 596 3823 capitulo
619 3735 840 3801 contradicere
862 3733 1043 3801 videatur.”

289 3838 312 3903 I
312 3836 519 3922 aterropotio
535 3837 622 3903 beota'
633 3836 837 3923 Aapvstioi.
888 3844 906 3873 “
916 3837 1083 3924 Usquead
1099 3845 1234 3924 quotam
1249 3862 1303 3925 ge·
1319 3857 1341 3901 5.
1353 3852 1422 3902 Mar-

244 3940 449 4004 nerationem
471 3939 614 4005 debeant
636 3939 747 4004 fideles
763 3962 836 4005 cum
852 3940 1046 4027 propinquis
1068 3941 1132 4006 sibi
1154 3941 1306 4026 coniugio
1317 3920 1433 4037 {iffi}

246 4040 416 4128 copularit
449 4046 483 4106 et
517 4042 553 4106 in
582 4041 732 4108 novercis
763 4046 798 4106 et
820 4042 967 4129 cognatis
990 4043 1019 4108 si
1041 4042 1141 4108 liceat
1164 4041 1308 4129 copulari

246 4144 397 4232 coniugio
411 4145 441 4209 l'’

290 4246 479 4333 Renrwato
503 4246 590 4312 tecti
613 4245 779 4333 Gregorii.
828 4246 1019 4328 “Quaedam
1042 4252 1174 4314 terrena
1195 4248 1251 4316 lex
1273 4249 1309 4315 in

249 4350 401 4415 Romana
423 4348 592 4435 republica
614 4350 790 4435 permittit,
814 4354 854 4415 ut
876 4349 948 4415 sive
969 4351 1082 4416 fratris
1105 4357 1140 4418 et
1162 4351 1306 4431 sororis,¹

250 4475 306 4519 seu
344 4452 483 4518 duorum
521 4452 663 4517 fratrum
700 4473 931 4541 germanorum
961 4453 1014 4519 vel
1052 4453 1192 4519 duarum
1224 4476 1311 4520 soro·

287 4795 293 4823 ¹
304 4794 401 4861 fratris
412 4802 436 4845 et
446 4794 548 4861 rororis]
562 4795 640 4846 frater
651 4803 675 4846 et
690 4810 768 4847 soror.
785 4795 843 4849 MS.
879 4796 919 4849 Cf.
931 4797 1068 4849 Justinian.
1081 4799 1163 4851 lustit.
1176 4800 1192 4851 i.
1206 4804 1246 4861 lo,
1259 4799 1274 4865 ξ
1286 4806 1310 4850 4.
