3542 5800
480 903 528 954 na
549 902 665 954 orsus
688 900 809 953 aucun
830 897 1016 952 anca-11.
1035 885 1086 950 54.
1237 885 1302 950 223

249 1089 376 1156 lantial
408 1089 466 1156 ubi
497 1089 626 1156 daedala
655 1110 735 1154 vasa
764 1071 908 1175 pondere
935 1089 1144 1153 metallorum
1175 1109 1303 1154 mensas

250 1193 335 1279 ipsas
358 1192 557 1258 onerantia?
586 1193 645 1257 ubi
666 1199 756 1258 terra
778 1191 926 1277 marique
958 1192 1123 1278 exquisita
1147 1190 1190 1255 ad
1216 1190 1303 1278 gulsa

249 1297 446 1362 lenocinium
469 1296 629 1362 obsonia?
684 1295 806 1362 Nonus
832 1295 943 1360 omnia
966 1295 1076 1360 fumus
1104 1301 1137 1360 et
1161 1298 1305 1360 ventusl

250 1399 296 1464 Et
309 1422 362 1466 vae
377 1400 429 1465 his
445 1401 503 1486 qui
518 1399 682 1478 haeserint,
707 1400 786 1485 quia
805 1399 903 1464 simul
927 1399 1136 1464 transibunt!
1184 1398 1304 1462 Nonne

251 1505 360 1569 omnia
383 1504 470 1569 sicut
492 1502 614 1570 fluvius
640 1524 783 1590 praeceps
810 1507 845 1568 et
868 1523 1002 1568 currens
1028 1503 1063 1568 in
1091 1508 1204 1568 maret
1259 1501 1304 1566 Et

250 1628 302 1672 vae
325 1607 378 1671 his
404 1607 462 1692 qui
489 1606 653 1684 laeserint,
685 1607 766 1691 quia
791 1602 890 1668 simul
922 1605 1117 1670 trahentur!
1175 1603 1302 1690 Cogita,

251 1731 367 1796 quoeso,
396 1730 495 1796 quam
520 1708 753 1774 miserabiliter
783 1707 931 1773 defluent
954 1729 1074 1784 carnes,
1101 1729 1174 1793 quse
1205 1707 1304 1772 modo

250 1813 286 1878 in
316 1811 440 1878 deliciis
466 1811 687 1877 nutriunturl
734 1811 853 1876 Nonne
884 1831 944 1874 uos
974 1811 1031 1898 qui
1062 1811 1305 1898 ingurgitamur

250 1914 389 1992 uberius,
413 1920 638 2002 putrescemus
660 1913 835 1980 miseriusl
878 1915 1036 1980 Potentes
1063 1918 1214 2000 potenter
1238 1919 1304 1978 tor-

251 2023 365 2084 menta
393 2019 572 2106 patientur,
604 2022 639 2084 et
664 2017 854 2083 fortioribus
890 2017 1007 2082 fortior
1042 2015 1194 2082 insistet¹
1234 2037 1305 2081 cru·

251 2117 376 2188 ciatio.”
444 2121 517 2188 Nec
561 2121 657 2208 plura
701 2119 819 2200 locuta,
859 2121 1017 2186 maritum
1063 2120 1222 2208 compulit
1267 2120 1446 2186 inInauin-

251 2225 450 2290 sententiam
473 2225 632 2311 exemplo,
664 2245 764 2310 quam
794 2224 908 2291 multis
938 2223 1034 2289 annis
1060 2225 1184 2290 faretra
1213 2225 1302 2290 iusu-
1315 2201 1447 2332 mal,

252 2332 440 2394 narraverat
478 2328 586 2393 verbo.
649 2325 738 2392 Nam
775 2331 851 2415 post
889 2327 1104 2413 triumphales
1142 2326 1302 2394 bellorum
1315 2335 1475 2392 aiodian,

252 2430 434 2510 manubias,
464 2435 539 2518 post
569 2430 751 2495 multarum
782 2431 948 2498 virtutum
979 2431 1109 2518 gradus,
1137 2453 1303 2498 summum
1316 2403 1449 2518 ffioto

252 2533 380 2600 culmen
405 2533 613 2622 perfectionis
637 2533 828 2616 meditatus,
856 2557 927 2600 cum
957 2534 1097 2622 triginta
1123 2540 1156 2600 et
1178 2541 1303 2622 septem
1316 2563 1385 2614 wffl,

251 2639 346 2702 anuis
369 2638 544 2726 imperium
567 2635 829 2704 Occidentalium
853 2637 1024 2704 Saxonum
1047 2638 1218 2718 tenuisset,
1234 2639 1303 2724 ipse
1317 2631 1446 2680 Melaena.

251 2741 365 2808 relicto
394 2739 534 2828 imperio
564 2763 602 2806 ac
632 2740 816 2806 iunioribus
847 2741 1084 2822 commendato,
1116 2742 1158 2806 ad
1190 2701 1471 2836 liminafflfl',{⁴

253 2844 474 2933 apostolorum
504 2843 595 2910 Petri
625 2849 660 2911 et
687 2843 785 2911 Pauli
810 2843 967 2932 Gregorio
998 2843 1229 2933 pontificatum
1256 2850 1303 2911 te-
1316 2853 1414 2905 Beav.
1429 2855 1451 2905 τ.

252 2953 352 3015 nente
388 2947 552 3035 profectus
597 2955 655 3025 est,
703 2949 836 3035 cupiens
873 2949 910 3013 in
953 2948 1075 3015 vicinia
1117 2954 1305 3015 sanctorum

252 3052 395 3117 locorum
409 3051 455 3117 ad
478 3057 609 3139 tempus
630 3052 883 3138 peregrinarum
905 3052 1010 3127 terris,
1028 3073 1093 3137 quo
1111 3050 1305 3117 familiarius

252 3152 415 3219 assuetis
445 3155 545 3241 recipi
567 3158 750 3221 mereretur
779 3154 815 3219 in
845 3155 944 3219 coelia
996 3153 1050 3219 Ibi
1080 3174 1122 3219 ne
1152 3176 1304 3243 pompam
1318 3176 1389 3227 will.

253 3279 320 3323 suae
350 3258 574 3325 conversionis
605 3258 735 3339 faceret,
760 3280 828 3323 nou
858 3256 999 3345 publicis
1028 3256 1177 3323 vultibus
1209 3278 1306 3344 expo·
1319 3244 1449 3361 piparas.

252 3360 337 3427 situs
366 3361 490 3427 crinem
528 3360 704 3447 deposuit,
742 3360 800 3426 sed
838 3366 872 3427 et
904 3365 942 3427 ut
980 3359 1080 3425 solius
1110 3360 1174 3425 Dci
1205 3361 1307 3429 oculis
1363 3347 1370 3363 ⁸

252 3465 401 3551 placeret,
434 3464 558 3529 amictu
587 3463 716 3549 plebeio
747 3468 855 3529 tectus
884 3464 968 3528 clam
999 3464 1179 3531 consenuit.
1236 3464 1307 3531 Noc

254 3567 366 3635 deerat
388 3568 478 3633 tanti
504 3566 574 3631 dux
589 3565 713 3631 femina
736 3565 839 3647 fricti,n
869 3588 943 3652 quae
969 3588 1045 3633 cum
1071 3572 1169 3633 autea
1195 3568 1306 3635 virum

253 3670 383 3737 adhoc
412 3667 626 3736 audendum⁸
655 3669 831 3745 incitasset,
865 3674 943 3735 tuuc
976 3676 1167 3737 maerentem
1196 3672 1307 3739 verbis

253 3774 362 3850 lenire,
391 3772 558 3839 labentem
583 3772 743 3858 exemplis
768 3772 901 3858 erigere,
927 3794 1058 3859 prorsus
1079 3772 1167 3859 quod
1190 3774 1233 3839 ad
1257 3796 1306 3839 sa

119 3870 128 3883 '
253 3876 356 3943 lutem
389 3880 552 3963 spectaret
587 3874 674 3939 nihil
712 3874 889 3941 dimittere.
937 3874 979 3940 ln
1013 3880 1130 3941 mutua
1168 3876 1306 3943 caritate

255 3979 402 4060 connexi,
426 3978 631 4065 temporibus
655 3976 723 4041 suis
745 3978 835 4041 viam
858 3978 1030 4043 hominum
1057 3979 1194 4065 ingressi
1218 3982 1304 4062 sunt,

229 4082 319 4148 'non
365 4084 436 4147 sine
480 4081 618 4167 magnis,
656 4086 695 4145 ut
740 4080 930 4166 accepimus,
969 4080 1143 4161 miraculis,
1187 4070 1449 4190 quibusffiesb'

253 4186 380 4251 Divina
416 4184 568 4271 dignatio
605 4183 751 4248 felicium
789 4185 966 4270 coniugum
1013 4206 1099 4271 saepe
1136 4184 1305 4271 respondit
1318 4204 1333 4254 i.
1346 4208 1386 4263 ss,
1399 4222 1423 4269 p.
1434 4212 1473 4257 co.

254 4290 386 4355 meritis
433 4288 595 4354 Sumit
619 4288 654 4351 in
681 4308 820 4374 regnum
848 4287 1111 4353 Occidentalium
1136 4287 1305 4355 Saxonum
1317 4272 1439 4392 mg}

254 4392 454 4460 Ethelardus
469 4390 540 4458 lnce
555 4391 826 4478 consanguineus,
841 4391 927 4457 sicut
942 4390 1078 4459 inferius
1093 4392 1228 4481 patebit.
1317 4406 1372 4459 Ins.

288 4726 295 4755 ¹
314 4723 422 4790 iaci-rtet]
442 4722 548 4785 insistat,
558 4724 615 4774 MS.
829 4722 1005 4791 'audendum]
1028 4725 1186 4787 audiendum,
1198 4727 1255 4779 MS.

289 4804 299 4834 ²
315 4804 388 4869 Virg.
400 4804 461 4854 AEu.
473 4802 490 4853 i.
502 4808 559 4853 sol.
