3542 5800
487 856 553 921 380
746 866 812 917 rue
836 868 883 917 nn
905 865 1041 917 manue.
1063 866 1156 915 sene
1178 866 1266 917 arsr.

487 1041 590 1109 Cuius
619 1042 746 1107 virtute
775 1039 874 1105 simul
911 1044 948 1105 et
985 1037 1051 1103 Dei
1087 1037 1246 1105 miraeulo
1285 1037 1376 1103 Dani
1412 1037 1529 1113 territi,

486 1144 622 1231 pedibus
657 1143 800 1209 salutem
836 1140 1083 1207 eommittentes
1104 1140 1269 1228 digerunt
1338 1139 1451 1207 Oaesue
1482 1140 1528 1207 ibi

485 1246 549 1317 suit
570 1266 630 1313 rex
645 1244 740 1333 Oseg,
764 1244 899 1311 comites
921 1243 1076 1331 quinque,
1098 1244 1220 1331 vulgos
1240 1242 1459 1309 innumerum.

321 1536 427 1655 ffi.
419 1602 446 1654 fi
888 1550 1138 1621 cerussam

320 1674 474 1787 iiiiiiim
531 1718 736 1784 llmssrnnrr
764 1716 892 1783 interea
920 1716 1031 1796 lector,
1054 1714 1143 1802 quod
1171 1713 1298 1781 interni
1318 1738 1413 1804 reges
1443 1718 1525 1782 ller-

318 1820 453 1923 ffffiffl
485 1822 609 1887 ciorum
631 1826 665 1887 et
687 1818 991 1887 Nortbumbrorum
1013 1824 1149 1906 eapteto
1181 1819 1348 1885 occasione
1370 1820 1530 1885 adventas

319 1940 441 1991 ananau
485 1924 664 2003 Danorum,
686 1944 825 2010 quorum
859 1920 954 1987 bellis
984 1942 1044 1986 rex
1074 1920 1272 1987 Ethelredus
1303 1922 1530 2001 insudabata

318 2004 422 2073 ΜΠ*
483 2026 618 2092 servitio
643 2026 899 2090 westsaxonum
921 2023 1120 2111 respirantes
1150 2022 1413 2089 dominationem
1442 2046 1531 2111 paene

482 2151 576 2194 suern
598 2130 812 2193 asseruerant
857 2125 1033 2191 Ardebant
1018 2130 1135 2213 tergo
1160 2130 1289 2193 eunotae
1310 2127 1409 2192 saevis
1430 2148 1531 2214 popu·

482 2230 606 2297 latibus
629 2228 814 2319 provineiae.
860 2228 1097 2315 Unusquisque
1118 2249 1232 2316 regum
1255 2228 1408 2294 inimioos
1431 2230 1531 2317 magis

483 2334 520 2399 in
541 2333 607 2399 suis
637 2332 769 2399 sedibus
791 2330 965 2409 sustinere,
1000 2352 1100 2416 quam
1134 2331 1360 2416 compatriotis
1381 2330 1531 2397 laboran-

483 2436 572 2501 tibus
600 2456 694 2521 opem
723 2434 888 2521 porrigere
915 2434 1060 2501 eurabst
1108 2432 1164 2497 Ita
1186 2433 1267 2498 dum
1296 2434 1430 2500 malunt
1461 2435 1532 2499 vin·

483 2538 590 2603 dicare
613 2558 709 2623 quem
726 2535 910 2623 praevenire
931 2534 1096 2613 iniuriam,
1112 2534 1262 2601 soeordia
1274 2557 1335 2601 sua
1348 2558 1529 2623 exanguem

482 2640 653 2705 reddidere
683 2638 834 2726 petriam.
903 2636 994 2704 Dani
1026 2636 1097 2703 sine
1127 2636 1296 2703 obstaculo
1326 2659 1530 2715 sueereseere,

483 2743 562 2808 dum
593 2746 628 2807 et
657 2738 914 2828 provincialibus
950 2738 1052 2805 timor
1084 2738 1286 2819 inoreseeret,
1316 2743 1353 2805 et
1381 2742 1532 2827 proxima

483 2866 621 2934 qumque
644 2842 784 2910 victoris
805 2863 863 2929 per
886 2840 1152 2908 additamentum
1177 2841 1387 2930 captivorum
1408 2842 1530 2910 instro-

485 2955 634 3016 mentum
648 2946 814 3034 sequentis
829 2943 930 3012 fieret
976 2943 1197 3010 Orientalium
1218 2945 1433 3033 [Anglorum]
1455 2947 1532 3034 pagi

485 3073 560 3118 eum
581 3050 717 3116 urbibus
740 3054 773 3116 et
788 3048 870 3114 vicis
884 3071 906 3114 a
920 3047 1132 3134 predonibus
1157 3054 1236 3112 sunt
1257 3048 1402 3134 possessi
1460 3049 1532 3115 Rex

485 3151 618 3223 eorum'
639 3157 772 3220 sanetus
808 3151 1011 3230 Edmundus,
1040 3151 1130 3216 sieut
1159 3149 1290 3238 praesati
1326 3173 1450 3230 sumus,
1489 3155 1531 3219 ab

485 3259 607 3324 eisdem
621 3254 831 3344 pradonibus
845 3254 1066 3342 interemptus
1079 3259 1300 3340 temporanee
1314 3255 1432 3320 mortis
1446 3277 1532 3322 eom·

485 3364 604 3452 pendis
619 3383 756 3450 regnum
771 3359 852 3428 emit
867 3364 1039 3426 aeternum.
1086 3359 1201 3426 Mereii
1214 3381 1283 3425 non
1297 3360 1398 3426 semel
1412 3360 1532 3428 obtriti

415 3465 637 3533 oobsidatu
672 3464 818 3530 miserias
846 3484 922 3527 suas
952 3463 1155 3528 levaverunt
1208 3459 1432 3528 Nortbumbri
1463 3464 1532 3530 iam

317 3562 333 3594 ⁰
379 3563 446 3627 ⁰·'
483 3568 609 3635 dudum
629 3563 804 3633 civilibus¹
821 3563 1077 3630 dissensionibus
1097 3563 1304 3644 fluctuantes,
1326 3565 1532 3632 adventante

482 3671 577 3737 boste
591 3671 804 3736 correxerunt
825 3665 1029 3732 diseordiam.
1075 3665 1195 3753 Itaque
1211 3663 1405 3731 Osbrihtnm
1420 3689 1532 3755 regem

482 3795 580 3862 quem
613 3769 810 3858 expulerant
838 3769 875 3834 in
915 3767 1034 3832 solium
1070 3767 1293 3846 reformantes,
1327 3789 1531 3857 magnosque

483 3875 592 3942 moliti
615 3879 758 3961 paratus,
775 3871 909 3938 obviam
919 3868 1092 3956 prodeunt
1137 3869 1204 3935 Sed
1218 3868 1315 3936 faeils
1328 3869 1416 3957 pulsi
1438 3872 1532 3937 intra

482 3978 595 4045 urbem
610 3975 794 4042 Eboracum
818 3993 852 4038 se
874 3971 1060 4037 includunt.
1106 3970 1181 4052 Qun
1201 3991 1282 4036 mox
1304 3993 1326 4036 a
1346 3971 1532 4039 victoribus

482 4101 643 4161 succensa,
667 4099 741 4144 eum
765 4076 859 4142 laxos
883 4075 988 4140 en'nes
1012 4073 1146 4140 effusior
1167 4073 1302 4138 flammo
1323 4074 1529 4161 produceret

481 4189 554 4250 totu
575 4183 751 4271 depascens
776 4177 909 4256 moenia,
933 4176 998 4263 ipsi
1020 4197 1150 4264 quoque
1169 4175 1364 4264 conflagrati
1385 4180 1530 4264 patriam

482 4285 607 4352 ossibus
643 4290 755 4350 texere
793 4281 866 4348 suis
935 4279 990 4345 Sic
1028 4277 1271 4345 Nortbumbris
1303 4277 1421 4346 bellieo
1457 4281 1529 4347 ime

483 4387 620 4454 obtenta
656 4385 872 4451 barbarorum
907 4380 1090 4447 dominium
1125 4381 1231 4447 multo
1265 4385 1342 4467 post
1380 4387 1524 4471 tempora

482 4488 678 4558 conscientia
699 4487 862 4553 libertatis
883 4483 1054 4571 ingemuit.
1114 4573 1126 4596 .

533 4679 760 4689 ...κ’-ὑ...

748 4789 754 4820 ¹
767 4787 892 4854 cirililua]
905 4786 976 4838 Will
988 4785 1090 4848 Halm
1101 4785 1215 4846 anilibus,
1227 4786 1284 4838 MS.
