3542 5800
300 1111 434 1156 mecastor,

299 1163 343 1212 the
354 1179 436 1227 pagan

300 1229 405 1290 Edbald,

299 1295 370 1344 takes
381 1303 408 1346 to

299 1360 357 1410 vlle
368 1361 407 1412 hlfl

221 1429 364 1490 ,m

299 1493 404 1546 mother.

467 879 532 942 100
705 892 789 966 mc.
820 893 867 940 na
897 891 1032 943 cranao.
1063 891 1152 941 srsc
1183 891 1271 942 nrsr.

467 1076 516 1141 ibi
545 1075 651 1142 adbuc
682 1074 824 1141 ecclesiae
853 1077 1027 1142 crementis
1057 1077 1257 1143 detrimento
1287 1076 1359 1143 fuit.
1415 1076 1527 1162 Siqui-

468 1177 542 1242 dem
566 1199 633 1242 non
658 1177 762 1242 solum
784 1177 884 1242 fidem
909 1176 1033 1243 Christi
1058 1178 1202 1264 recipere
1226 1179 1387 1259 noluerat,
1410 1179 1469 1244 sed
1491 1183 1527 1242 et

467 1280 682 1344 fornicatione
719 1279 864 1366 pollutus
886 1283 938 1344 cst
967 1281 1036 1357 tali,
1061 1282 1191 1366 qualem
1215 1303 1276 1347 nec
1300 1282 1388 1346 inter
1408 1286 1526 1368 gentes

468 1381 616 1446 auditam
639 1380 805 1467 apostolus
820 1380 984 1458 testatur,¹
1009 1383 1058 1447 ita
1075 1387 1115 1447 ut
1138 1405 1275 1450 uxorem
1297 1385 1402 1472 patris
1425 1384 1525 1449 babe-

466 1488 525 1549 ret.
573 1484 646 1564 Quo
669 1488 809 1569 utmque
835 1484 954 1548 scelere
978 1477 1178 1550 occasionem
1202 1485 1295 1551 dedit
1317 1487 1360 1551 ad
1380 1487 1524 1573 priorem

465 1585 628 1651 vomitum
664 1587 851 1651 revertendi
877 1586 929 1650 bis
957 1587 1015 1672 qui
1038 1588 1102 1653 sub
1126 1588 1265 1674 imperio
1295 1588 1347 1653 sui
1377 1589 1525 1674 parentis

465 1689 519 1756 vel
547 1687 659 1756 favore
688 1689 743 1754 vel
772 1689 891 1753 timore
919 1689 1011 1774 regio
1046 1688 1123 1754 fidei
1153 1695 1188 1754 et
1217 1691 1419 1756 castimoniae
1447 1691 1524 1755 iura

464 1796 677 1878 susceperant.
725 1791 796 1856 Nec
822 1812 973 1878 supernae
997 1791 1128 1878 flagella
1159 1792 1372 1858 districtionis
1395 1793 1522 1878 perfido

463 1895 533 1980 regi
570 1893 759 1980 castigando
790 1897 824 1958 et
862 1893 1054 1979 corrigendo
1093 1893 1250 1959 defuere:
1291 1917 1369 1959 nam
1407 1895 1523 1960 crebra

462 1997 583 2062 mentis
613 1996 747 2064 vesania
776 2001 811 2061 et
839 1995 977 2081 spiritus
1007 1996 1160 2060 inmundi
1194 1995 1366 2062 invasione
1394 2019 1522 2083 preme-

462 2099 570 2164 batur.

508 2201 615 2265 Auxit
640 2205 749 2265 autem
775 2199 949 2287 procellam
974 2198 1107 2264 huiusce
1130 2201 1388 2286 perturbationis
1417 2201 1519 2267 etiam

360 2309 373 2342 r
463 2325 550 2368 mors
582 2301 712 2369 Seberti
741 2303 827 2388 regis
858 2301 1077 2367 Orientalium
1121 2302 1315 2381 Saxonum3
1364 2303 1423 2388 qui
1459 2304 1519 2368 ubi

368 2377 384 2479 ‘f
461 2427 562 2492 regna
591 2403 763 2491 perennia2
799 2409 915 2490 petens
952 2409 1020 2469 tres
1061 2403 1148 2469 filios
1179 2426 1264 2481 suos,
1301 2406 1360 2491 qui
1397 2407 1519 2493 pagani

292 3040 341 3092 His
351 3058 410 3094 sons

291 3176 406 3242 iuoutry.

460 2508 730 2595 perduraverunt,
757 2507 850 2592 regni
874 2506 1064 2593 temporalis
1093 2506 1229 2572 heredes
1252 2508 1396 2593 reliquit,
1427 2508 1519 2574 vide·

458 2609 535 2676 licet
568 2609 758 2686 Sexredum,
787 2609 974 2674 Siwardum
1004 2613 1039 2674 et
1061 2608 1246 2686 Sebertum,
1271 2614 1442 2696 coeperunt
1466 2612 1518 2676 illi

459 2735 537 2777 mox
558 2713 718 2778 idolatriae
740 2716 833 2797 patre
855 2716 995 2788 mortuo,
1019 2733 1118 2796 quam
1136 2711 1273 2777 vivente
1304 2733 1342 2776 eo
1368 2713 1518 2798 aliquan-

458 2815 567 2881 tulum
606 2814 818 2879 intermisisse
851 2813 1059 2890 videbantur,
1086 2813 1197 2901 palam
1227 2815 1358 2891 servire,
1389 2816 1517 2882 subiec-

458 2919 567 3005 tisque
600 2918 730 3006 populis
760 2918 848 2983 idola
885 2917 1012 2981 colendi
1049 2917 1187 2982 liberam
1225 2918 1305 2983 dare
1338 2918 1514 2985 licentiam.

461 3021 610 3109 Cumque
636 3020 788 3089 viderent
813 3020 1001 3106 pontificem
1025 3020 1197 3085 celebratis
1223 3020 1259 3084 in
1285 3020 1418 3085 ecclesia
1438 3024 1516 3087 mis·

290 3110 567 3190 relapseintosarum
584 3124 770 3202 sollemniis,
787 3122 1016 3187 eucharistiam
1039 3123 1161 3209 populo
1185 3122 1271 3200 dare,
1290 3122 1451 3201 dicebant,
1475 3130 1515 3190 ut

459 3228 560 3315 vulgo
582 3228 694 3302 fertur,
716 3226 759 3291 ad
781 3246 856 3290 eum
883 3224 1025 3288 barbara
1046 3224 1155 3289 inflati
1180 3223 1346 3289 stultitia:
1371 3226 1514 3306 “Quare

459 3352 527 3395 non
549 3336 583 3395 et
613 3329 709 3400 nobis
739 3327 879 3413 porrigis
910 3348 1030 3411 panem
1060 3326 1215 3405 nitidum,
1246 3348 1345 3412 quem
1368 3333 1403 3393 et
1424 3331 1513 3415 patri

459 3436 570 3497 nostro
587 3430 703 3508 Saba,”
730 3429 775 3493 sic
798 3450 942 3514 namque
971 3450 1047 3493 eum
1073 3428 1238 3515 appellare
1264 3439 1511 3509 consueverant,

460 3540 478 3568 “
494 3533 602 3609 dabas,
627 3536 661 3597 ct
683 3530 803 3617 populo
826 3530 933 3596 adhuc
957 3530 1034 3596 dare
1056 3530 1091 3594 in
1107 3531 1242 3595 ecclesia
1256 3553 1324 3595 non
1339 3532 1469 3597 desistis
1479 3533 1511 3598 l''

460 3634 587 3716 Quibus
601 3634 658 3699 ille
673 3632 859 3719 respondit:
886 3640 905 3666 “
920 3632 958 3698 Si
973 3632 1075 3697 vultis
1090 3632 1181 3697 ablui
1196 3633 1288 3698 fonte
1303 3633 1359 3698 illo
1374 3636 1510 3701 salutari

458 3759 524 3823 quo
546 3741 640 3823 pater
655 3740 763 3801 vester
785 3734 918 3799 ablutus
933 3740 992 3814 est,
1008 3734 1145 3821 potastis
1168 3736 1269 3800 etiam
1285 3736 1379 3819 panis
1394 3738 1510 3818 sancti,

457 3840 509 3905 cui
534 3839 590 3905 illc
622 3836 849 3926 participabat,
874 3858 943 3901 ease
964 3836 1160 3923 participes:
1193 3837 1246 3901 sin
1276 3840 1387 3901 autem
1417 3838 1509 3903 lava·

457 3964 547 4007 crum
570 3942 650 4008 vitae
681 3938 900 4015 contemnitis,
931 3938 1121 4004 nullatenus
1143 3938 1262 4005 valetis
1283 3960 1403 4023 panem
1426 3942 1508 4007 vitae

455 4043 647 4131 percipere.''
706 4043 754 4107 At
783 4041 840 4119 illi,
875 4047 893 4075 “
916 4038 1109 4118 Nolumus,”
1138 4040 1303 4125 inquiunt,
1341 4049 1359 4077 “
1381 4041 1506 4108 fontem

454 4147 549 4210 illum
571 4147 703 4223 intrare,
728 4144 806 4230 quia
835 4164 895 4207 nec
917 4163 998 4227 opus
1027 4142 1084 4207 illo
1107 4163 1166 4207 nos
1195 4142 1315 4213 habere
1344 4145 1505 4222 novimus,

454 4248 511 4313 sed
533 4252 646 4312 tamen
668 4268 752 4333 pane
775 4246 832 4309 illo
847 4244 937 4309 refici
951 4242 1133 4308 volumus”
1167 4244 1317 4333 Cumque
1332 4247 1507 4332 diligenter

453 4370 491 4413 ac
528 4368 615 4435 saepe
650 4352 757 4413 essent
788 4346 956 4421 admoniti,
994 4367 1201 4430 nequaquam
1231 4349 1281 4413 ita
1311 4349 1382 4414 fieri
1413 4370 1506 4434 posse

453 4455 493 4516 ut
517 4450 639 4535 absque
668 4440 863 4535 purgatione
887 4452 1090 4512 sacrosancta
1116 4448 1189 4533 quis
1220 4449 1379 4516 oblationi
1402 4472 1506 4515 sacro-

451 4556 573 4618 sanctae
609 4550 869 4627 communicaret,
908 4548 952 4612 ad
991 4547 1146 4613 ultimum
1185 4549 1295 4617 furore
1339 4551 1504 4630 commoti,

492 4802 499 4834 ¹
515 4806 525 4851 1
539 4800 597 4853 Cor.
610 4814 633 4849 r.
649 4803 670 4848 1.
950 4794 955 4863 1
986 4796 1143 4863 'peresam
1162 4798 1307 4862 perhennis,
1319 4798 1377 4851 MS.
