3542 5800
492 936 539 985 ns
568 934 682 984 ursus
711 932 833 984 sessu
860 931 1043 983 suun—11.
1068 918 1096 981 6.
1262 912 1306 983 73

252 1118 481 1199 delectatione,
510 1118 575 1198 vel,
613 1118 704 1205 quod
740 1116 848 1184 maius
884 1122 944 1197 est,
985 1114 1110 1205 peccati
1147 1134 1305 1181 consensu

251 1222 416 1289 acciderit
461 1221 581 1287 Tribus
603 1222 692 1287 enim
714 1220 820 1287 modis
835 1221 991 1307 impletur
1006 1242 1101 1285 omne
1116 1224 1305 1306 pleccatum3

251 1324 408 1389 videlicet
429 1324 645 1411 suggestione,
669 1322 894 1401 delectatione,
919 1344 1085 1389 consensu
1131 1322 1305 1409 Suggestio

254 1428 377 1514 quippe
408 1426 449 1492 iit
478 1448 537 1513 per
566 1426 742 1503 diabolum,
770 1424 945 1491 delectatio
975 1448 1033 1513 per
1061 1448 1199 1503 carnem,
1232 1446 1307 1489 oon-

253 1551 368 1595 sensus
393 1551 453 1617 per
475 1529 648 1616 spiritum:
684 1528 764 1614 quia
787 1535 821 1593 et
847 1530 986 1616 primam
1010 1528 1141 1615 culpam
1174 1548 1305 1613 serpeus

252 1632 426 1719 suggessit,
458 1632 532 1696 Eva
560 1630 655 1697 velut
685 1653 759 1697 carc
788 1630 951 1697 delectata
984 1638 1041 1709 est,
1074 1632 1182 1695 Adam
1213 1628 1306 1695 uelut

252 1736 389 1820 spiritus
411 1734 597 1800 consensit:
621 1739 656 1800 et
670 1733 851 1800 necessaria
876 1738 928 1799 est
948 1756 1068 1822 magna
1091 1732 1250 1809 discretio,
1267 1738 1306 1797 ut

252 1838 342 1902 inter
365 1837 608 1925 suggestionem
639 1841 740 1923 atque
774 1836 1034 1916 delectationem,
1058 1836 1145 1901 inter
1168 1834 1307 1901 delecta·

253 1940 379 2005 tionem
393 1951 428 2006 et
442 1962 643 2017 consensum,
660 1939 762 2006 iudex
775 1940 827 2005 sui
841 1940 971 2005 animm
993 1939 1174 2027 praesideat.
1221 1938 1304 2003 Cum

252 2043 343 2108 enim
366 2032 530 2131 malignus
556 2043 692 2130 spiritus
714 2048 884 2131 peccatum
909 2042 1058 2130 suggerit
1084 2042 1119 2105 in
1142 2046 1261 2119 mente,
1278 2042 1305 2105 si

252 2145 347 2210 nulls
372 2146 497 2232 peceati
519 2145 693 2211 delectatio
715 2150 881 2231 sequatur,
903 2150 1072 2231 peccatum
1096 2143 1184 2209 omni
1208 2144 1305 2207 modu

252 2252 480 2334 perpetratum
502 2270 570 2315 non
585 2252 654 2313 est:
679 2268 754 2313 cum
776 2268 856 2313 vero
878 2246 1034 2313 delectari
1060 2268 1134 2313 earo
1159 2246 1304 2333 cru1rerit,

252 2355 333 2415 tuno
354 2355 523 2437 peccatum
545 2350 662 2437 incipit
683 2350 794 2416 nasci:
821 2348 850 2415 si
871 2355 983 2415 autem
1006 2371 1048 2415 ex
1071 2348 1304 2415 deliberatione

250 2453 427 2533 consentit,
476 2458 556 2519 tunc
601 2458 771 2539 peccatum
817 2452 1025 2541 cognoscitur
1070 2452 1188 2539 perfici.
1262 2452 1304 2517 Iu

250 2556 462 2642 suggestione
491 2556 594 2642 igitur
625 2556 750 2643 peccati
780 2554 914 2620 initium
944 2560 1003 2637 est,
1028 2554 1065 2619 in
1089 2554 1305 2621 delectatione

249 2660 291 2722 fit
315 2659 566 2736 nutrimentum,
594 2658 630 2722 in
656 2678 814 2724 consensu
838 2658 1002 2744 perfectio.
1048 2658 1094 2725 Et
1116 2680 1202 2745 saepe
1228 2680 1304 2723 cou-

251 2760 354 2845 tingit
391 2765 432 2825 ut
475 2758 537 2825 hoc
583 2760 673 2846 quod
714 2760 879 2847 malignus
916 2760 1052 2847 spiritus
1089 2761 1229 2826 seminat
1267 2760 1303 2825 in

251 2862 458 2950 cogitatione,
482 2883 612 2929 carnem
635 2862 672 2928 in
694 2861 943 2930 delectationem
966 2862 1097 2943 trabat;
1119 2886 1179 2930 neo
1193 2869 1304 2930 tamen

251 2966 381 3031 animus
420 2965 527 3031 eidem
561 2965 772 3031 delectationi
805 2966 1011 3032 consentiat:
1051 2971 1086 3031 et
1126 2989 1200 3032 oum
1231 2989 1304 3032 earo

252 3068 407 3134 delectori
427 3068 499 3134 sine
520 3068 633 3134 anima
654 3071 805 3154 nequeat,
820 3067 890 3156 ipse
912 3075 1026 3134 tamur
1048 3067 1177 3134 animus
1199 3068 1305 3134 comis

251 3171 481 3258 voluptatibus
512 3170 676 3236 reluctans
707 3171 744 3235 in
777 3170 996 3238 delectatione
1028 3171 1150 3236 carnali
1195 3171 1304 3258 aliquo

252 3275 348 3340 modo
370 3273 496 3361 ligatur
526 3273 661 3352 invitus,
684 3279 725 3340 ut
747 3273 780 3339 ei
800 3279 836 3340 ct
865 3275 994 3342 ratione
1028 3275 1239 3352 contradicat,
1262 3296 1303 3340 ne

252 3377 443 3455 consentiat,
490 3381 525 3442 et
570 3381 684 3442 tamffl
732 3376 949 3444 delectatione
995 3377 1118 3466 ligatus
1160 3378 1213 3454 sit,
1247 3378 1304 3444 sod

251 3479 392 3565 ligatum
432 3501 468 3546 sc
509 3479 722 3546 vehementer
766 3479 968 3567 ingemiscat.
1036 3479 1135 3547 Unde
1171 3487 1205 3546 et
1247 3481 1303 3546 ille

252 3582 393 3648 coelestis
423 3583 588 3648 exercitus
617 3581 800 3670 praecipuus
823 3584 918 3648 miles
957 3584 1110 3670 gemebat
1146 3581 1300 3650 diceus:¹

253 3685 381 3750 ‘Video
411 3685 510 3750 aliam
543 3685 650 3772 legem
678 3685 715 3750 in
749 3686 906 3752 membris
943 3686 1024 3752 meis
1065 3693 1303 3774 repugnantem

251 3785 315 3874 legi
344 3787 467 3852 mentis
495 3808 587 3864 meae,
622 3791 658 3853 et
684 3788 853 3874 captivum
883 3811 936 3854 me
966 3789 1140 3856 ducentem
1174 3789 1210 3853 iu
1233 3791 1303 3876 lege

250 3890 382 3975 peccati,
399 3911 475 3976 quae
500 3895 551 3956 est
576 3890 613 3954 in
638 3890 794 3956 membris
820 3889 921 3956 meia'
968 3891 1005 3958 si
1027 3897 1138 3958 autem
1154 3892 1304 3977 captivus

251 3998 330 4069 erat,
364 3991 501 4057 minime
534 3993 728 4080 pugnabat;
770 3993 829 4060 sed
866 3993 1057 4081 pugnabat:
1105 3999 1304 4080 quapropter

251 4095 400 4181 captivus
422 4117 491 4160 non
512 4101 603 4175 crat3
636 4094 807 4183 pugnabat
840 4096 945 4183 igitur
977 4095 1064 4183 lege²
1087 4096 1214 4172 mentis,
1251 4097 1303 4162 cui

249 4196 305 4262 lex
340 4220 415 4284 quse
448 4198 485 4262 in
519 4197 675 4263 membris
707 4203 759 4263 est
787 4199 1002 4286 repugnabat.
1061 4198 1107 4263 Et
1140 4195 1187 4262 si³
1221 4221 1302 4288 pug-

251 4299 361 4382 nabat,
398 4299 551 4388 csptivus
588 4323 655 4366 non
693 4307 771 4367 erat.
841 4301 924 4367 Eece
961 4301 1073 4387 itaque
1110 4299 1208 4370 homo
1246 4309 1304 4385 est,

974 4531 1290 4540 .-----—--....—......

290 4685 486 4744 ¹llom.vii.23.
802 4695 1063 4762 pmpteretoaptirus
1073 4702 1134 4759 erat,
1143 4703 1168 4748 et
1178 4695 1304 4763 pugnabat

803 4775 881 4839 igitur
892 4775 950 4841 legi,
962 4777 1024 4827 Bed.

288 4844 439 4922 ²ssd-lepe]
452 4853 530 4904 sedet
536 4853 679 4919 pugnabat3
690 4869 752 4920 qua·
838 4853 896 4904 'Et
906 4855 941 4920 si]
956 4855 990 4906 Et
1001 4857 1044 4918 sic,
1057 4855 1113 4909 MS.
