3542 5800
469 908 516 957 ua
538 906 651 958 omns
673 905 794 956 amun
816 903 998 956 ruan-m
1022 893 1071 956 63.
1239 891 1301 956 261

258 1095 330 1161 illos
352 1115 433 1182 quos
453 1093 627 1161 accusabat
641 1094 713 1159 aut'
722 1093 795 1159 vita
808 1097 870 1159 aut
884 1112 985 1180 regno
1000 1091 1161 1179 privabat
1209 1089 1254 1156 Et
1277 1089 1304 1154 si
1317 1097 1357 1150 ct
1369 1097 1430 1150 Sim.

258 1197 320 1266 hoc
340 1220 362 1264 a
390 1217 466 1284 rege
491 1196 668 1284 impetrare
690 1217 757 1262 non
779 1196 900 1282 potuit,
915 1214 1042 1261 veneno
1057 1215 1111 1260 eos
1126 1194 1210 1260 clam
1232 1213 1305 1279 per·
1317 1165 1454 1296 ἒῗξῇ

261 1301 336 1366 dere
357 1299 537 1366 consuevit.
584 1299 667 1364 Erat
689 1302 801 1364 autem
819 1297 934 1364 eodem
956 1302 1102 1384 tempore
1124 1295 1359 1364 adolescensct
1371 1311 1458 1364 Aeser.

260 1402 393 1489 qudam
424 1423 543 1489 8011010
575 1399 749 1489 precam
780 1422 819 1468 ae
849 1401 920 1488 regi
942 1399 1041 1466 valde
1070 1399 1242 1466 ambare
1273 1404 1307 1464 ea
1319 1379 1413 1504 2¹53?-

261 1509 527 1584 amantissrmus3
549 1525 646 1590 quem
672 1525 747 1569 cum
769 1502 918 1570 malefica
938 1503 1052 1590 regina
1071 1523 1220 1568 acmrsare
1240 1521 1307 1566 non
1320 1537 1343 1587 p.
1357 1524 1414 1580 471,
1426 1520 1458 1570 D.

260 1607 377 1686 valuit,
407 1628 535 1674 veneno
564 1607 660 1672 illum
690 1606 849 1672 extinxit.
897 1604 949 1670 De
979 1627 1044 1692 quo
1074 1626 1203 1672 veneno
1232 1625 1307 1669 cum
1319 1589 1467 1718 'fflffi

261 1731 323 1775 rex
358 1711 549 1796 ignoranter
582 1713 755 1796 grmtssset,
795 1709 941 1774 animam
980 1707 1089 1773 subito
1131 1706 1343 1787 exhalavitp.
1357 1727 1413 1772 ⁵52.

262 1811 334 1878 Nec
354 1818 467 1878 tamen
489 1812 549 1878 illa
571 1811 642 1898 regi
668 1811 745 1878 dare
768 1815 982 1899 proposuerat
1006 1811 1158 1898 poculum
1183 1807 1307 1886 mortis,

263 1915 320 1983 sed
342 1913 550 1982 adolescenti.
593 1914 831 1980 Verumtamen
856 1913 953 1981 ambo
983 1913 1139 1980 biberunt
1165 1919 1200 1983 et
1229 1917 1309 1999 potu

264 2018 450 2085 venenifero
480 2019 659 2106 perierunt
704 2015 793 2105 Rege
826 2017 940 2102 itaque
978 2017 1013 2081 in
1051 2015 1138 2082 hunc
1175 2014 1309 2081 modum

264 2126 443 2210 perempto,
467 2121 587 2188 mulier
610 2120 811 2208 nequissima
830 2120 949 2186 timore
973 2119 1152 2207 perterrita
1180 2119 1310 2206 fugiens
1322 2113 1457 2233 {iffa

265 2245 341 2291 cum
355 2223 518 2291 thesauris
532 2222 809 2310 impretiabilibus
823 2244 914 2288 mare
930 2222 1072 2304 transiit,
1094 2227 1129 2288 et
1150 2219 1310 2287 Karolum
1323 2249 1426 2301 cm,

265 2327 465 2394 Francorum
488 2347 600 2413 regem
614 2325 728 2392 adiens
743 2326 850 2390 multa
873 2325 905 2392 ei
920 2323 1061 2392 exennia
1084 2325 1309 2413 praesentavit.
1323 2332 1422 2382 magne.

267 2430 330 2498 Oui
354 2451 430 2496 cum
455 2433 580 2496 astaret
602 2427 692 2494 inter
714 2428 866 2494 mulieres
897 2429 1106 2514 nequissima,
1137 2427 1215 2494 licet
1240 2430 1313 2515 pul-

267 2532 430 2599 critudine
443 2531 671 2620 pulcherrima,
685 2531 732 2598 sic
746 2554 819 2597 eam
834 2553 893 2598 rex
908 2531 1069 2598 allocutus
1084 2531 1149 2598 ait:
1182 2539 1199 2568 “
1209 2531 1313 2619 Elige,

268 2635 452 2724 Eadburga,
476 2657 574 2722 quem
594 2635 745 2714 volueris,
766 2635 821 2701 vel
838 2657 893 2701 me
911 2636 966 2702 vel
985 2635 1093 2701 filium
1113 2657 1232 2715 meum,
1256 2635 1315 2722 qui

267 2740 349 2806 mihi
367 2743 456 2805 astat
469 2737 507 2804 in
521 2739 648 2816 solario,
664 2738 701 2802 in
715 2738 905 2805 societatem
921 2739 1064 2826 accipere
1085 2735 1315 2826 coniugalem?

268 2842 317 2911 At
341 2841 401 2909 illa
433 2843 503 2909 sine
535 2840 769 2908 deliberatione
804 2847 839 2908 et
873 2841 966 2908 freno
999 2841 1107 2909 soluto
1145 2841 1315 2929 pudicitiae

267 2946 464 3034 respondens
488 2944 557 3011 ait:
584 2952 601 2979 “
615 2943 652 3013 Si
666 2945 749 3010 mihi
772 2946 863 3032 optio
887 2944 1021 3011 daretur
1043 2945 1097 3010 vel
1111 2944 1245 3010 libertos
1260 2946 1316 3011 eli-

268 3050 376 3139 gendi,
399 3050 506 3115 filium
519 3052 617 3114 tuum
631 3070 731 3133 quam
745 3052 781 3114 te
795 3047 901 3135 magis
916 3048 1095 3133 diligerem,
1112 3048 1190 3135 quio
1205 3048 1315 3113 iunior

270 3175 337 3218 esse
351 3148 516 3219 videtur.’'
561 3150 653 3215 Tunc
667 3172 728 3215 rex
742 3149 934 3237 intelligens
948 3148 1040 3215 illam
1056 3148 1226 3236 explendae
1240 3148 1314 3213 libi-

271 3255 356 3321 dinis
377 3253 561 3341 eupiditate
584 3252 725 3331 ductam,
749 3252 917 3341 eleganter
940 3252 1125 3340 respondit:
1152 3252 1217 3319 “Si
1232 3250 1315 3333 me,’'

270 3357 388 3443 inquit,
410 3362 430 3393 “
438 3354 598 3443 elegisses,
625 3355 733 3419 filium
757 3376 866 3421 meum
886 3355 1041 3433 haberes;
1066 3361 1101 3421 et
1121 3355 1199 3443 quia
1221 3356 1314 3421 illum

270 3460 407 3549 elegisti,
430 3480 493 3524 nec
516 3479 571 3523 me
593 3479 654 3523 neo
679 3458 774 3523 illum
798 3458 965 3527 habebis.''
1021 3458 1174 3527 Contulit
1203 3465 1316 3526 tamen

269 3564 318 3629 illi
341 3584 402 3629 rex
427 3565 563 3649 propter
586 3560 836 3648 improbitatem
862 3563 933 3628 sius
963 3568 997 3629 et
1027 3562 1165 3629 nimiam
1196 3564 1315 3651 pulcri-

270 3667 421 3734 tudinem
449 3662 560 3730 nobile
588 3664 825 3731 monesterium
856 3664 1063 3747 feminarum,
1095 3667 1132 3731 in
1162 3688 1227 3753 quo
1258 3666 1317 3733 illa

270 3769 388 3835 habitu
412 3767 561 3854 deposito
591 3766 740 3833 saeculari
769 3768 830 3834 sub
859 3769 966 3856 speeie
1003 3768 1183 3855 hypocrisis
1220 3769 1316 3835 indu·
1330 3782 1450 3834 neema-s

270 3876 382 3939 mento
397 3869 592 3936 monialium
616 3874 785 3957 assumpto
811 3870 987 3937 abbatissae
1012 3870 1101 3936 vices
1125 3871 1221 3936 annis
1236 3894 1316 3959 pau-
1330 3850 1487 3982 {ffissfl

271 3974 407 4042 cissimis
435 3972 645 4060 fungebatur.
698 3970 790 4037 Nam
820 3996 922 4060 parvo
952 3979 1026 4061 post
1055 3979 1211 4061 tempore,
1237 3974 1317 4039 dum

271 4100 345 4165 quae
367 4082 481 4143 sancta
501 4081 603 4155 erant,
628 4082 806 4155 execraret,
830 4098 852 4141 a
878 4076 1021 4164 quodam
1044 4076 1184 4163 propriae
1210 4078 1318 4164 gentis
1407 4052 1419 4075 ⁸

271 4179 409 4268 ignobili
438 4180 511 4245 viro
540 4178 664 4246 dicitur
693 4184 917 4267 constuprata,
971 4178 1143 4245 Mulierem
1173 4200 1249 4267 ergo
1283 4181 1319 4247 in

271 4282 431 4349 adulterio
457 4280 690 4368 deprehensam
712 4304 772 4347 rex
801 4304 823 4348 a
843 4286 957 4347 saneto
977 4282 1176 4347 monasterio
1199 4282 1320 4371 expelli

271 4386 434 4475 praecepia
480 4384 563 4466 Qua
578 4385 731 4472 deinceps
750 4383 933 4452 miserrime
955 4385 992 4450 in
1016 4390 1210 4474 paupertate
1235 4392 1319 4453 tem-
1333 4410 1457 4463 Harena.

272 4512 353 4577 pora
365 4490 447 4554 vitae
470 4509 539 4553 suaa
561 4487 832 4574 vituperabiliter
855 4488 898 4553 od
922 4488 1022 4554 finem
1037 4510 1140 4576 usque
1155 4489 1318 4577 perduxit.

275 4592 441 4658 Defuncto
467 4592 580 4677 itaque
609 4611 685 4677 rege
715 4590 884 4657 Brithrioo
914 4598 1015 4678 atque
1044 4592 1134 4679 apud
1164 4592 1319 4658 Werbam

275 4694 410 4784 sepulto,
438 4692 591 4759 suecessit
614 4692 645 4759 ei
669 4692 836 4779 higbertus
861 4694 933 4761 sive
957 4694 1162 4782 Egbrightus
1184 4695 1219 4759 in
1249 4717 1320 4782 reg·
1333 4720 1429 4787 Quen

276 4820 357 4864 num
379 4794 520 4886 triginta
557 4815 616 4863 sex
651 4796 756 4876 annis,
794 4798 852 4884 qui
882 4820 925 4865 ex
961 4798 1062 4889 regali
1094 4797 1204 4887 gentis
1232 4797 1321 4867 illius
1332 4790 1451 4908 ffiffiffl
