3542 5800
467 862 531 927 348
723 874 788 924 ruo.
812 874 859 923 on
880 875 1017 923 cresso.
1039 874 1128 924 erno.
1153 874 1241 923 mss.

300 1064 355 1114 Ms.
367 1065 398 1125 Β,
465 1057 632 1124 habebunt
661 1080 751 1146 opus,
779 1058 920 1147 quedem
943 1063 1039 1126 noete
1069 1060 1308 1148 aggrediuntur
1337 1059 1510 1146 prsemedi·

298 1141 340 1191 s⁰¹·
355 1144 418 1191 ⁷⁸⁸·
464 1166 573 1227 totum
609 1162 744 1243 feoinus,
782 1167 816 1228 et
846 1167 972 1229 etentes
1008 1162 1045 1228 in
1082 1165 1167 1229 strio
1205 1162 1346 1229 eeclesiae
1379 1162 1510 1228 diverso

465 1270 584 1331 oonstu
603 1265 826 1351 unusquisque
846 1264 951 1332 instet
970 1271 1134 1353 eonoeptse
1155 1266 1321 1352 nequitis.
1360 1264 1507 1346 Quorum

465 1366 549 1433 elius
575 1367 724 1455 postibus
753 1367 874 1433 sculum
907 1369 1074 1455 applicet,
1087 1373 1128 1434 ut
1151 1390 1209 1456 per
1234 1368 1391 1433 insertum
1415 1366 1505 1433 fene·

299 1482 353 1533 MS.
366 1483 401 1541 A,
465 1474 568 1535 strom
598 1492 631 1537 se
655 1470 791 1557 ingeret,
819 1470 903 1537 alius
925 1493 999 1537 eum
1020 1471 1102 1537 lime
1124 1493 1160 1537 eo
1182 1470 1293 1536 fabrili
1316 1470 1434 1537 melleo
1455 1471 1509 1535 in·

296 1548 339 1601 ‘⁰¹'
355 1552 419 1600 ¹⁵¹³·
464 1578 532 1639 stet
561 1596 641 1641 seim
675 1580 734 1639 sut
770 1574 905 1661 pessulo,
935 1575 994 1639 ulii
1027 1596 1104 1639 oum
1132 1574 1262 1661 vangis
1279 1578 1314 1639 et
1342 1572 1510 1661 ligonibus

465 1676 710 1744 suffossionem¹
738 1678 873 1764 parietis
898 1677 1137 1743 machinantur.
1199 1677 1319 1764 Sisque
1348 1674 1509 1764 disposito

464 1802 559 1867 opere
596 1802 670 1847 curn
715 1780 853 1868 singulis
899 1781 1052 1847 oertstim
1096 1780 1254 1845 insudent
1290 1801 1350 1867 pro
1387 1780 1509 1845 virium

464 1884 628 1963 lboultste
656 1888 788 1949 sanctus
817 1888 946 1969 martyr
975 1904 1030 1949 eos
1058 1882 1143 1971 liget
1172 1882 1208 1947 in
1229 1882 1302 1970 ipso
1327 1902 1387 1947 suo
1411 1904 1509 1949 oons-

464 1986 561 2065 miue,
580 1991 620 2051 ut
641 2008 701 2052 neo
722 1986 837 2073 pedem
857 1986 928 2052 loeo
947 1990 1081 2072 possent
1100 2007 1239 2064 movere,
1261 2007 1321 2051 neo
1341 1990 1509 2071 arreptum

465 2088 607 2155 officium
636 2090 789 2170 deessem,
820 2087 901 2155 sed'
930 2089 1014 2154 elius
1043 2110 1118 2154 oum
1147 2110 1207 2153 sue
1235 2088 1322 2154 seele
1351 2088 1508 2175 penderet

464 2192 612 2259 sublimis
641 2193 678 2257 in
715 2214 797 2271 sere,
828 2191 913 2257 elius
942 2192 1051 2279 pulum
1084 2192 1241 2257 incurvus
1270 2190 1373 2257 fossor
1402 2191 1509 2269 fieret,

464 2296 521 2381 qui
551 2296 594 2360 ad
623 2295 660 2361 id
689 2296 795 2383 operis
821 2294 965 2359 fimtivus
1003 2295 1158 2361 venisset.
1214 2292 1347 2360 Interes
1375 2293 1510 2381 quidum

464 2398 768 2479 matriculariorum,
803 2398 861 2483 qui
881 2397 986 2463 infre
1021 2397 1190 2463 bssilieem
1226 2397 1364 2476 ieoebat,
1396 2419 1510 2463 somno

463 2501 591 2567 excitus
638 2500 722 2566 lecto
765 2500 1002 2588 procumbebat
1045 2500 1179 2577 invitus,
1219 2522 1315 2587 quem
1353 2499 1509 2585 martyris

463 2603 612 2690 potentis
640 2624 699 2669 suo
729 2607 849 2669 conetu
877 2602 1044 2682 vinxerat,
1073 2624 1116 2667 ne
1153 2602 1220 2668 suis
1254 2602 1372 2668 obvius
1397 2600 1508 2667 feotis⁸

463 2704 668 2771 mirabilibus
705 2726 802 2771 sonus
846 2704 985 2792 fregeris
1030 2704 1141 2771 creber
1180 2706 1325 2771 custodis
1364 2704 1509 2792 pulsaret

463 2830 557 2875 sures
586 2808 731 2875 interius.
787 2807 852 2874 Sed
868 2808 959 2898 ¹quid
995 2807 1102 2873 dicem
1130 2830 1199 2873 non
1228 2828 1322 2895 posse
1355 2812 1510 2895 surgeret

464 2913 596 2999 quando
632 2935 692 2979 nee
728 2912 765 2977 in
801 2933 915 2978 vocem
953 2915 1083 2999 poteret
1124 2933 1299 2998 erumpere.
1361 2911 1509 2977 Tandem

297 3045 429 3102 ›1th
465 3038 559 3084 mene
589 3016 696 3082 udhuo
725 3013 938 3104 persistentes
966 3015 1055 3080 fures
1078 3014 1209 3102 incepto
1235 3035 1344 3102 opere,
1367 3034 1510 3102 eompre-

297 3117 438 3181 (Bemm-
465 3120 559 3188 hensi
595 3142 616 3185 e
652 3117 799 3207 pluribus
845 3116 1025 3183 truduntur
1068 3118 1208 3184 vinculis
1249 3117 1439 3209 artioribus,
1473 3123 1510 3184 et

294 3184 362 3316 tid),
370 3185 440 3302 ,²23
464 3225 599 3290 tandem
635 3222 784 3310 praedioti
829 3220 958 3286 seueti'
983 3221 1124 3308 episcopi
1169 3221 1364 3287 Theodredi·
1387 3221 1510 3288 iudicio

295 3319 432 3370 tencesthe
464 3325 657 3391 subduntur.
719 3323 785 3404 Qui
830 3323 1116 3410 inprsemeditstus
1165 3325 1365 3390 sententium
1405 3324 1509 3406 dedit,

295 3385 435 3502 ffissmw
465 3451 563 3515 quem
600 3451 634 3494 se
672 3427 797 3493 dedisse
842 3432 956 3513 postes
1004 3428 1095 3492 omui
1131 3431 1276 3515 tempore
1312 3427 1394 3493 vites
1439 3449 1509 3494 suae

296 3513 395 3579 ΜΗ
463 3531 624 3618 psenituit
685 3530 773 3596 Nem
812 3551 924 3595 omnes
954 3529 1052 3595 simul
1081 3530 1180 3596 iussit
1219 3531 1310 3618 effigi
1338 3531 1508 3619 patibulis,

295 3585 417 3713 tiled?
463 3657 501 3700 eo
524 3634 613 3722 quod
634 3633 705 3699 eusi
727 3633 865 3698 fuissent
888 3632 1011 3699 etrimn
1034 3635 1141 3699 saneti
1161 3633 1329 3699 Edmundi
1351 3634 1509 3719 martyris

295 3718 338 3770 f⁰¹·
354 3725 416 3772 ¹⁶⁸·
461 3738 585 3804 furtive
621 3735 759 3824 ingredi,
798 3757 865 3802 non
910 3735 1067 3801 reducens
1105 3735 1148 3800 ed
1189 3737 1380 3802 memorium
1416 3736 1508 3823 quod

463 3841 625 3908 Dominus
659 3861 716 3927 per
747 3838 943 3926 prophetem
973 3838 1152 3916 admonet,⁴
1184 3839 1277 3905 “Eos
1302 3840 1361 3926 qui
1385 3841 1510 3906 dueun-

461 3951 518 4012 tur
554 3945 596 4011 ed
626 3947 774 4024 mortem,
800 3963 913 4008 eruere
946 3962 1014 4007 non
1051 3939 1195 4019 cesses;''
1222 3942 1354 4008 foetum·
1379 3965 1507 4030 quoque

462 4049 599 4116 Helisaei
628 4045 804 4135 prophetoe,
832 4045 889 4132 qui
921 4045 1124 4112 latrunculos
1148 4044 1189 4110 de
1218 4043 1367 4114 Semerie
1396 4051 1507 4133 pastos

461 4174 546 4239 pene
572 4157 606 4218 et
630 4173 716 4237 aquo
744 4149 871 4216 remisit
901 4147 944 4213 ed
973 4147 1114 4236 propris,
1142 4148 1252 4215 dicens
1281 4147 1352 4236 regi
1377 4149 1507 4215 volenti

462 4259 630 4342 pereutere
659 4253 742 4334 ilioo,
774 4250 862 4340 quod
892 4273 960 4317 non
994 4272 1048 4317 eos
1077 4250 1215 4338 oepisset
1251 4249 1287 4316 in
1323 4251 1434 4338 gladio
1471 4258 1506 4318 et

462 4378 538 4424 arou
578 4379 636 4422 suo
648 4383 657 4438 ;
697 4355 837 4445 apostoli
882 4355 983 4420 etiem
1018 4359 1217 4442 preeeeptum
1255 4354 1343 4440 quod
1386 4355 1469 4421 dicit
1482 4353 1507 4421 :⁶

496 4652 503 4682 ¹
515 4649 691 4719 suffossiones]
704 4646 873 4707 suffosionem,
884 4646 941 4698 MS.
1025 4645 1120 4698 ⁴Pror.
1131 4644 1203 4696 xxiv.
1218 4649 1256 4697 ll.

494 4729 788 4797 ”sedJsiMS.sed,A.
1023 4724 1207 4778 ‘scembs

494 4810 604 4878 Ἰασὼ]
617 4809 652 4870 s;
662 4809 751 4871 motus,
763 4809 820 4860 MS.
