3542 5800
468 870 511 937 Gt
575 918 580 925 .
729 885 794 936 ruo.
825 885 872 936 ne
902 883 1034 936 cinero.
1065 883 1153 935 seno.
1184 883 1270 936 uisu

465 1070 703 1161 praeceptione¹
729 1072 881 1154 didicisti,
912 1078 952 1139 ut
974 1094 1033 1161 pro
1056 1073 1199 1138 masculo
1235 1074 1350 1139 diebus
1379 1074 1521 1162 triginta

467 1177 582 1257 tribus,
609 1198 670 1263 pro
691 1176 815 1241 femina
844 1180 957 1242 autem
986 1175 1101 1241 diebus
1123 1175 1298 1264 sexaginta
1319 1198 1378 1243 sex
1400 1178 1520 1243 debeat

466 1279 637 1345 abstinere.
684 1278 781 1360 Quod
805 1283 919 1344 tamen
945 1280 1113 1345 sciendum
1132 1284 1183 1345 cst
1206 1281 1284 1365 quia
1306 1280 1342 1345 in
1362 1282 1520 1367 mysterio

466 1383 632 1469 accipitur.
689 1382 779 1447 Nam
809 1382 838 1447 si
871 1382 953 1447 hore
983 1384 1097 1448 eadem
1127 1405 1193 1469 qua
1223 1383 1375 1469 genuerit
1404 1388 1520 1450 actura

466 1486 590 1573 gratioe
605 1486 710 1551 intrat
726 1485 904 1565 ecclesiam,
929 1484 1021 1552 nullo
1036 1486 1160 1573 peccati
1176 1486 1319 1573 pondere
1340 1492 1518 1574 gravetur:

466 1590 620 1676 voluptas
649 1589 737 1654 enim
764 1589 878 1670 carnis,
910 1610 978 1654 non
1015 1590 1108 1655 dolor
1144 1590 1180 1653 in
1218 1589 1314 1676 culpa
1352 1596 1412 1656 est.
1477 1590 1520 1655 In

466 1694 573 1758 carnis
593 1697 707 1759 autem
730 1692 965 1758 commixtione
984 1693 1137 1781 voluptns
1164 1698 1236 1759 cst:
1260 1714 1338 1758 nam
1362 1694 1397 1758 in
1419 1694 1520 1781 prolis

467 1796 651 1883 prolatione
680 1798 830 1883 gemitus
890 1795 989 1861 Unde
1021 1802 1056 1861 et
1085 1795 1148 1883 ipsi
1178 1797 1293 1883 primae
1319 1797 1419 1862 matri
1451 1818 1521 1863 om·

466 1901 560 1965 nium
587 1898 732 1979 dicitur,2
756 1900 819 1964 ‘In
835 1899 1002 1965 doloribus
1024 1899 1149 1986 paries?
1195 1898 1231 1965 Si
1252 1899 1364 1986 itaque
1387 1900 1518 1967 enixam

466 2006 636 2071 mulierem
651 2004 861 2091 prohibemus
877 2002 1043 2068 ecclesiam
1066 2003 1198 2078 intrare,
1216 2004 1319 2089 ipsam
1341 2004 1372 2068 ei
1387 2025 1517 2090 poenam

465 2130 559 2173 suam
597 2108 634 2172 in
674 2108 802 2193 culpam
845 2108 1047 2193 deputamus,
1105 2106 1277 2192 Baptizeri
1315 2112 1427 2171 autem
1465 2108 1519 2173 vel

383 2202 386 2204 Α
465 2216 597 2280 enixam
635 2214 812 2291 mulierem,
851 2214 905 2277 vel
942 2213 1004 2278 hoc
1034 2212 1122 2298 quod
1152 2212 1312 2299 genuerit,
1344 2213 1373 2277 si
1403 2215 1518 2278 mortis

465 2318 606 2404 periculo
637 2321 781 2403 urgetur,
812 2316 867 2381 vel
898 2316 1002 2403 ipsam
1033 2316 1114 2380 hora
1144 2316 1258 2379 eadem
1290 2336 1356 2400 qua
1385 2314 1518 2403 gignit,³

465 2420 518 2486 vel
547 2420 609 2485 hoc
638 2420 727 2504 qnod
760 2417 918 2505 gignitur,
951 2418 1066 2483 eedem
1096 2418 1178 2482 hora
1209 2440 1276 2503 qua
1309 2424 1426 2483 natum
1459 2425 1516 2491 est,

464 2522 556 2587 nullo
586 2522 683 2586 modo
712 2522 924 2608 prohibetur:
964 2521 1042 2607 quia
1072 2520 1177 2585 sancti
1214 2521 1364 2606 mysterii
1401 2522 1518 2608 gretia,

465 2626 550 2691 siout
590 2624 786 2711 ‚viventibus
834 2629 935 2709 atque
985 2622 1244 2688 discernentibus
1282 2645 1356 2688 oum
1399 2646 1520 2711 magna

465 2727 661 2793 discretione
688 2726 894 2813 providenda
924 2732 996 2805 est3
1027 2727 1075 2791 ita
1099 2726 1219 2811 quibus
1253 2748 1339 2791 mors
1370 2728 1516 2803 inminet,

465 2832 534 2896 sine
565 2830 633 2895 ulta
663 2828 821 2895 dilatione
851 2828 1018 2894 offerenda
1030 2852 1038 2910 ;
1070 2850 1111 2892 ne
1142 2826 1221 2892 dum
1253 2829 1359 2894 adhuc
1388 2834 1517 2918 tempus

465 2934 508 2999 od
545 2934 758 3021 prebendmn
787 2932 1021 3019 redemptionis
1051 2932 1246 3018 mysterium
1277 2934 1444 3018 quieritur,
1470 2935 1519 2998 in-

464 3039 669 3104 terveniente
707 3037 877 3125 paululum
915 3055 1008 3101 mora
1046 3033 1188 3100 inveniri
1225 3056 1291 3100 non
1321 3037 1431 3102 valeat
1460 3037 1518 3123 qui

467 3143 657 3207 redimatur.

512 3251 530 3281 “
546 3245 601 3309 Ad
624 3243 695 3308 eius
717 3265 795 3308 vero
819 3241 1030 3308 concubitum
1064 3239 1116 3304 vir
1148 3262 1225 3305 suus
1264 3241 1413 3306 accedere
1451 3263 1517 3305 non

464 3348 571 3425 debet,
603 3346 815 3432 quoadusque
845 3345 902 3430 qui
933 3341 1105 3429 gignitur⁴
1139 3339 1351 3429 purificetur.⁵
1411 3343 1518 3408 Pravo

464 3455 576 3514 autem
606 3449 806 3513 consuetudo
836 3448 873 3510 in
902 3447 1150 3532 coniugatorum
1182 3446 1329 3511 moribus
1366 3447 1516 3521 surrexit,

464 3559 504 3615 ut
552 3550 704 3615 mulieres
750 3549 835 3614 filios
885 3570 966 3633 quos
1014 3550 1156 3635 gignunt
1199 3549 1326 3614 nutrire
1374 3555 1518 3614 contem-

464 3658 556 3732 nant,
606 3673 724 3737 eosque
771 3651 844 3716 aliis
882 3651 1076 3716 mulieribus
1113 3652 1156 3716 od
1201 3651 1412 3716 nutriendum
1450 3657 1518 3716 trs·

465 3756 554 3836 dant,
605 3755 693 3841 quod
733 3754 887 3819 videlicet
928 3775 969 3818 ex
1007 3754 1076 3819 sola
1124 3776 1221 3819 causa
1270 3753 1518 3820 incontinentiae

464 3858 598 3925 videtur
639 3859 834 3923 inventum:
875 3858 953 3943 quia
991 3857 1071 3922 dum
1108 3880 1142 3922 se
1185 3858 1353 3923 continere
1391 3857 1516 3934 nolunt,

465 3963 650 4050 despiciunt
686 3962 808 4026 lactare
842 3981 923 4046 quos
969 3961 1119 4046 gignunt
1182 3959 1246 4024 Hae
1294 3960 1406 4044 iteque
1444 3981 1517 4044 quae

465 4067 549 4130 filios
571 4087 644 4132 suos
669 4086 711 4131 ex
740 4086 844 4152 prava
874 4061 1108 4128 consuetudine
1135 4062 1207 4126 aliis
1234 4063 1276 4126 ad
1302 4063 1516 4127 nutriendum

465 4170 610 4245 tradunt,
641 4167 707 4233 nisi
735 4167 940 4256 purgationis
970 4172 1101 4251 tempus
1132 4165 1308 4240 transierit,
1340 4165 1421 4229 viris
1451 4166 1518 4228 suis

465 4293 532 4336 uon
565 4271 685 4337 debent
714 4271 907 4336 admisceri:
951 4270 1073 4360 quippe
1108 4269 1187 4356 quia
1224 4273 1258 4334 et
1296 4267 1366 4333 sine
1404 4271 1518 4356 partus

527 4525 573 4532 ..-
588 4521 768 4530 ......—-—-o-
785 4521 881 4527 -—.-.
1262 4517 1517 4528 ........-..--—-——-

502 4664 507 4692 ¹
522 4659 602 4710 Levit.
614 4658 660 4709 xii.
1037 4657 1176 4722 *ρι’φιίιην]
1193 4655 1331 4721 gingnitur‚
1344 4654 1399 4708 MS.

500 4744 511 4772 ²
522 4740 586 4792 Gen.
598 4739 634 4789 iii.
649 4743 687 4790 16.
1038 4739 1046 4766 ⁵
1055 4737 1214 4802 parificetur]
1229 4737 1377 4794 ablactatur,
1388 4735 1449 4787 Bed.

503 4821 513 4850 ⁸
523 4819 613 4885 pipeti]
629 4816 735 4887 gingnit
747 4817 803 4870 MS.
