3542 5800
479 907 527 961 nr
548 905 664 959 ersus
686 904 807 959 secun
820 886 1072 961 aser-1267.
1242 886 1310 963 ³17

263 1096 393 1165 sedibus
430 1096 495 1165 eibi
532 1096 782 1186 imprimentem.
838 1094 909 1163 Neo
941 1116 1053 1163 mora:
1089 1114 1239 1161 reversus
1265 1096 1310 1161 ad

263 1223 298 1267 ee
330 1202 482 1267 reseratis
516 1200 617 1267 oculis
641 1198 826 1289 profluente
862 1198 1022 1287 sanguim
1054 1196 1167 1265 hausit
1202 1198 1309 1277 diem;

263 1304 446 1371 mirabatur
487 1304 616 1391 ignotus
670 1324 779 1369 rerum
824 1302 955 1389 species,
997 1300 1113 1367 mundi
1152 1298 1310 1389 amplitu-

263 1406 383 1485 dinem,
406 1406 490 1473 lucis
511 1406 660 1473 nitorem.
719 1404 871 1491 Proque
900 1402 1003 1470 abbas
1026 1402 1207 1469 (lodwinus
1235 1426 1309 1471 cum

263 1508 418 1577 fratribus
439 1514 548 1597 gretes
574 1508 645 1575 Deo
669 1506 820 1574 immolat
845 1505 979 1575 excelsis
1001 1505 1161 1574 laudibus

664 1722 914 1791 corrmmmo.

307 1914 490 1983 smmis
512 1916 598 1983 alius
623 1914 803 1982 advenerat
827 1917 942 1981 mutus
969 1936 992 1981 a
1019 1915 1198 1982 nativitate
1220 1914 1307 1982 altor
1320 1924 1436 1975 Aaou:

263 2041 378 2086 canum
417 2030 450 2087 et
491 2020 612 2087 assecla
644 2019 858 2086 venationum
893 2016 1010 2085 Alfrici
1038 2020 1103 2085 viri
1128 2019 1306 2097 clarissimi,
1318 1990 1428 2043 ml*

262 2124 319 2209 qui
342 2124 378 2189 in
404 2124 477 2189 vico
501 2122 674 2189 Adstretel
698 2121 909 2189 mansitabat
954 2118 1022 2187 Hic
1043 2144 1172 2209 quoqne
1194 2122 1308 2189 eodem

262 2226 316 2293 die
345 2226 535 2294 decidens
525 2248 562 2292 m
592 2246 760 2293 excessum
782 2224 905 2292 mentis
930 2224 1018 2290 vidit
1043 2224 1169 2313 fulgido
1195 2226 1309 2293 decore

262 2328 435 2416 parvulum
460 2351 535 2395 cum
561 2350 653 2397 cereo
676 2328 839 2415 flagrante
858 2326 924 2395 sibi
946 2327 1112 2407 advenire,
1137 2334 1237 2415 atque
1260 2331 1309 2397 ita

261 2432 430 2499 ardentem
451 2433 487 2498 in
507 2454 543 2498 os
567 2432 630 2499 sibi
647 2432 798 2519 patulum
822 2430 1013 2519 impingere,
1035 2431 1147 2519 sicque
1172 2433 1310 2499 exiliens

261 2534 457 2622 loquebatur
481 2541 576 2613 recte,
602 2556 740 2622 quaeque
762 2534 854 2621 prius
875 2538 1009 2601 tantum
1032 2539 1162 2623 poteret
1186 2536 1308 2615 audire,

261 2638 328 2703 iem
353 2636 487 2705 valebat
512 2637 639 2703 referre.
685 2636 884 2703 Testabatur
906 2644 1017 2703 autem
1044 2638 1197 2704 dominus
1222 2662 1308 2718 suus,

262 2742 319 2826 qui
350 2762 371 2805 a
401 2740 538 2827 parvulo
575 2744 681 2821 norat,
715 2739 805 2825 quod
834 2761 1005 2826 nunquam
1045 2746 1144 2807 antea
1177 2742 1310 2828 loqutus

261 2844 314 2920 sit,
352 2848 387 2910 et
424 2843 513 2931 quod
543 2864 638 2909 canes
669 2842 705 2908 in
735 2842 889 2910 venundo
917 2844 962 2910 ad
991 2843 1042 2910 sui
1071 2844 1136 2911 oris
1164 2846 1307 2912 sonitum

261 2947 339 3014 licet
363 2945 570 3014 inconditum
596 2945 811 3014 assuefecerit.

659 3159 912 3228 Οοιιιιιιιιιιιο

304 3350 416 3420 Attus
453 3351 667 3418 nihilominus
696 3357 770 3420 mut
770 3374 809 3418 us
854 3353 898 3418 sd
934 3351 1074 3440 gradum
1111 3351 1306 3440 presbyterii
1319 3355 1435 3407 “⁰²¹¹ss

261 3454 354 3521 velut
339 3459 502 3522 tumens
549 3455 610 3522 bec
656 3453 731 3521 illac
773 3455 967 3536 iactabatur,
1005 3462 1041 3522 et
1076 3421 1427 3524 miserabiliterm‘·

258 3563 408 3623 sanctum
446 3557 643 3623 Kenelmum
680 3556 881 3624 inclamabat
918 3562 958 3624 ut
994 3557 1058 3624 sibi
1091 3560 1306 3628 misereretur.

260 3661 359 3748 Isque
400 3661 550 3726 redditus
587 3660 726 3748 loquelae
773 3681 880 3726 coram
918 3661 1078 3748 predicto
1115 3663 1236 3730 abbate
1273 3669 1308 3729 et

259 3764 415 3830 fratribus
441 3763 612 3850 turbisque
638 3763 867 3850 frequentibus
891 3765 928 3830 in
953 3765 1085 3832 laudem
1109 3765 1174 3832 Dei
1197 3788 1308 3833 omnes

259 3867 429 3954 compulit,
456 3867 575 3952 quiin
599 3866 720 3932 sanctis
746 3867 814 3932 suis
838 3867 1000 3954 gloriosus
1030 3869 1154 3934 existit
1199 3870 1309 3934 Inter·

258 3977 393 4057 rogatus
414 3975 527 4036 antem
550 3969 592 4035 sb
615 3971 686 4056 ipso
708 3969 900 4036 monasterii
920 3975 1025 4056 patre,
1045 3970 1125 4057 quid
1145 3971 1307 4057 angustie

261 4073 325 4140 sibi
348 4073 472 4154 fuisset,
498 4094 556 4139 cur
579 4073 630 4138 ita
655 4072 826 4138 volutatus
852 4073 1093 4152 succlamasset,
1118 4072 1249 4140 iurabat
1273 4095 1307 4140 se

261 4170 348 4236 nibil
377 4173 525 4250 sensisse,
550 4171 634 4236 nibil
656 4192 788 4257 prorsus
810 4171 902 4253 scire,
931 4172 997 4238 nisi
1025 4171 1114 4258 quod
1144 4172 1308 4240 excitatus

258 4297 279 4341 a
302 4275 413 4363 quiete
428 4275 578 4343 redditus
593 4276 637 4341 sit
652 4273 821 4342 umndtae.

651 4489 906 4558 Ocurrsumo

302 4685 463 4751 Dmmmt
507 4691 636 4771 quoque
685 4689 853 4771 repentem
897 4704 956 4770 per
1000 4683 1137 4752 humum
1181 4687 1397 4807 comtism
1318 4685 1436 4808 Anotqer

257 4789 381 4856 truncis
391 4786 498 4878 [quoe]
508 4787 704 4875 alligaverat
718 4785 856 4876 genibus
870 4809 931 4876 pro
945 4787 1113 4856 cothurnis
1127 4754 1397 4878 pedalibusfm
