3542 5800
451 807 494 879 72
711 826 775 876 arc.
807 826 854 875 nr
883 826 1015 877 craenc.
1047 828 1133 877 arao.
1164 826 1249 877 ursr.

452 1016 632 1097 cognoscat
680 1010 746 1078 Sed
768 1018 818 1079 est
840 1012 877 1079 in
899 1014 1013 1081 eadem
1036 1012 1188 1081 illusione
1203 1014 1299 1079 valde
1322 1012 1503 1078 necessaria

453 1114 611 1193 discretio,
644 1137 718 1201 quae
755 1116 921 1183 subtiliter
958 1139 1095 1205 pensare
1133 1117 1260 1198 debeat,
1291 1138 1334 1182 ex
1372 1136 1438 1202 qua
1467 1136 1501 1179 re

452 1217 579 1281 accidat
603 1220 708 1284 menti
732 1219 942 1287 dormientis:
976 1221 1153 1307 aliquando
1180 1221 1269 1285 enim
1293 1242 1335 1284 cx
1360 1216 1500 1305 crapula,

451 1319 627 1405 aliquando
649 1342 692 1385 ex
721 1328 850 1389 naturae
875 1324 1103 1409 superfluitate
1126 1325 1180 1389 vel
1210 1322 1411 1399 infirmitate,
1442 1320 1502 1385 ali·
1623 1304 1643 1325 ‘

452 1424 583 1508 quando
598 1446 642 1489 ex
656 1425 855 1511 cogitatione
877 1427 1050 1512 contingit.
1098 1426 1144 1491 Et
1167 1427 1300 1513 quidem
1316 1448 1358 1491 ex
1373 1428 1501 1489 naturae

452 1526 679 1612 superfluitate
701 1528 755 1593 vel
786 1528 980 1594 infirmitate
1014 1552 1089 1595 cum
1112 1531 1266 1607 evenerit,
1291 1530 1381 1595 omni
1404 1527 1501 1609 modo

451 1628 522 1694 haec
543 1651 610 1695 non
633 1636 684 1695 est
707 1630 877 1711 timenda;
901 1633 980 1717 quia
1005 1632 1090 1699 hanc
1114 1634 1262 1699 animum
1285 1626 1498 1697 nescientem¹

451 1732 623 1817 pertulisse
661 1735 764 1820 magis
802 1734 979 1800 dolendum
1017 1740 1074 1813 est,
1106 1758 1205 1821 quam
1234 1737 1356 1801 fecisse.
1416 1733 1500 1799 Cum

450 1856 529 1899 vero
559 1835 649 1900 ultra
685 1836 820 1902 modum
857 1837 1025 1923 appetitus
1060 1840 1147 1925 gulae
1176 1838 1213 1903 in
1244 1837 1410 1904 sumendis
1441 1834 1501 1899 ali-

450 1939 590 2003 mentis²
619 1940 755 2025 rapitur,
793 1944 894 2025 atque
932 1940 1046 2005 iccirco
1084 1941 1259 2007 humorum
1296 1936 1500 2025 receptacula

449 2049 638 2127 gravantur,
665 2042 765 2109 habet
799 2042 920 2107 exinde
943 2044 1072 2109 animus
1099 2044 1241 2130 aliquem
1265 2049 1405 2121 reatum,
1433 2062 1499 2105 non

449 2148 562 2208 tamen
611 2166 714 2230 usque
762 2146 806 2209 ad
853 2145 1109 2231 prohibitionem
1158 2146 1357 2233 percipiendi
1395 2142 1499 2209 sancti

449 2247 600 2330 mysterii
637 2246 692 2311 vel
729 2248 902 2312 missarum
951 2248 1121 2313 sollemnia
1167 2248 1376 2314 celebrandi:
1423 2268 1497 2311 cum

448 2348 585 2413 sortasse
608 2353 668 2413 aut
689 2348 792 2414 festus
815 2350 883 2414 dies
908 2350 1020 2437 exigit,
1037 2356 1100 2416 aut
1120 2352 1270 2416 exhiberi
1293 2350 1496 2437 mysterium,

448 2472 508 2535 pro
528 2472 565 2515 eo
586 2450 675 2535 quod
696 2451 845 2516 sacerdos
866 2452 951 2517 alius
973 2453 1009 2516 in
1031 2453 1101 2519 loco
1125 2454 1223 2530 deest,
1240 2454 1312 2539 ipsa
1326 2452 1498 2517 necessitas

447 2553 620 2640 compellit
667 2554 755 2618 Nam
778 2555 807 2619 si
828 2560 943 2619 assunt
965 2556 1022 2619 alii
1045 2557 1101 2641 qui
1124 2557 1259 2642 implere
1279 2554 1497 2621 ministerium

447 2656 589 2732 valeant,
621 2656 729 2722 illusio
759 2678 819 2743 pro
848 2659 981 2744 crapula
1010 2658 1098 2723 facta
1127 2682 1148 2723 a
1176 2660 1384 2745 perceptione
1414 2656 1496 2721 sacri

446 2759 596 2843 mysterii
633 2757 822 2845 prohibere³
853 2782 921 2825 non
959 2760 1056 2826 debet
1068 2784 1076 2842 ;
1114 2761 1171 2826 sed
1200 2762 1243 2825 ab
1273 2760 1496 2825 immolatione

445 2862 529 2927 sacri
555 2862 705 2950 mysterii
737 2862 911 2944 abstinere,
937 2868 976 2929 ut
1002 2864 1152 2942 arbitror,
1181 2863 1352 2931 humiliter
1375 2862 1494 2930 debet:

446 2965 475 3030 si
504 2970 617 3031 tamen
645 2966 837 3032 dormientis
866 2971 1013 3032 mentem
1043 2969 1135 3054 turpi
1165 2968 1400 3054 imaginatione
1429 2988 1497 3032 non

446 3069 650 3135 concusserit
706 3069 794 3134 Nam
832 3075 910 3135 sunt
941 3070 1059 3156 quibus
1090 3072 1138 3136 ita
1167 3071 1358 3158 plerrunque
1388 3070 1496 3136 illusio

445 3173 596 3249 nascitur,
628 3177 668 3238 ut
697 3193 810 3238 eorum
847 3172 984 3250 animus,
1016 3174 1116 3238 etiam
1147 3174 1183 3238 in
1212 3196 1326 3238 somno
1356 3173 1497 3260 corporis

444 3275 578 3359 positus,
610 3275 762 3360 turpibus
793 3274 1084 3360 imaginationibus
1122 3297 1189 3341 non
1226 3276 1376 3343 foedetur.
1422 3276 1496 3358 Qua

444 3377 481 3439 in
507 3399 542 3441 rc
568 3398 636 3440 ana
661 3376 724 3441 sibi
747 3377 932 3441 ostenditur
954 3378 1025 3464 ipsa
1046 3400 1137 3444 mens
1152 3401 1216 3458 rea,
1234 3401 1300 3446 non
1315 3385 1427 3444 tamen
1442 3376 1494 3443 vel

443 3500 503 3542 suo
529 3477 650 3542 iudicio
679 3476 789 3555 libera,
815 3501 889 3544 cum
914 3502 955 3557 se,
973 3481 1035 3546 etsi
1062 3482 1237 3547 dormienti
1257 3503 1387 3569 corpore
1412 3481 1496 3545 nihil

444 3579 596 3645 meminit
618 3579 746 3656 vidisse,
767 3585 880 3646 tamen
906 3582 942 3646 in
956 3583 1079 3670 vigiliis
1105 3585 1247 3672 corporis
1273 3586 1424 3650 meminit
1448 3583 1496 3648 in⁴

445 3681 626 3768 ingluviem
664 3683 822 3749 cecidisse.
880 3683 941 3749 Sin
972 3707 1050 3752 vero
1088 3709 1130 3752 ex
1168 3687 1259 3774 turpi
1296 3688 1494 3775 cogitatione

444 3786 613 3873 vigilantis
637 3785 743 3852 oritur
765 3787 874 3852 illusio
900 3789 1101 3866 dormientia,
1128 3795 1221 3876 patet
1245 3789 1355 3856 animo
1384 3797 1495 3857 reatus

443 3911 541 3957 suus:
565 3890 658 3955 videt
673 3889 761 3954 enim
776 3913 799 3955 a
811 3913 878 3977 qua
892 3891 1000 3956 radice
1023 3892 1209 3978 inquinatio
1224 3893 1281 3958 illa
1294 3895 1493 3980 processerit,

444 3992 523 4078 quia
542 3992 631 4078 quod
656 3993 815 4080 cogitavit
840 3994 952 4071 sciens,
980 3993 1041 4058 hoc
1067 3995 1203 4081 pertulit
1229 3997 1381 4061 nesciens.
1428 3995 1495 4062 Sed

443 4095 648 4182 pensandum
678 4101 737 4174 est,
768 4095 839 4184 ipsa
868 4096 1025 4184 cogitatio
1061 4103 1174 4164 utrum
1204 4099 1419 4186 suggestione,
1452 4121 1495 4165 an

445 4321 947 4330 .------—-—-—-.—....—-—-.-
958 4325 1017 4332 .-....-
1030 4326 1075 4332 ...-
1117 4329 1122 4332 .
1166 4327 1172 4332 .
1186 4327 1189 4332 .
1214 4327 1235 4332 .-
1285 4327 1382 4334 -..l

478 4491 486 4526 ¹
503 4497 607 4546 animam
643 4495 795 4564 nescierim]
849 4495 946 4549 animus
1024 4499 1034 4531 ⁸
1041 4497 1180 4568 probibere]
1194 4495 1329 4566 prohiberi,
1341 4496 1397 4551 MS.

445 4577 566 4636 nesciens,
577 4576 634 4630 MS.

443 4655 637 4788 Mgclimentis]
661 4657 786 4710 alimentis
812 4659 945 4720 alimentis,
1025 4661 1084 4727 ἰὴ]
1098 4673 1146 4712 om.
1158 4659 1214 4712 MS.
