3542 5800
446 870 512 935 228
722 885 786 936 ruo.
810 883 858 936 nn
879 883 1012 936 emano.
1037 885 1123 936 arno.
1148 885 1233 936 msr.

445 1093 556 1139 versos
579 1094 637 1159 per
662 1071 766 1140 bonos
791 1073 862 1138 sive
889 1071 992 1137 maios
1018 1069 1153 1158 spiritus
1180 1069 1245 1136 sibi
1266 1071 1354 1137 vidit
1381 1071 1498 1152 offerri,

445 1176 487 1240 ob
502 1175 539 1241 id
552 1197 695 1263 superna
712 1176 954 1264 dispensatione
976 1174 1101 1240 factum
1117 1179 1177 1254 est,
1192 1178 1232 1238 ut
1253 1175 1498 1240 meminerimus

444 1279 532 1344 faeta
558 1285 592 1344 et
616 1279 830 1366 cogitationes
860 1285 989 1344 nostras
1012 1300 1079 1344 non
1103 1279 1139 1342 in
1165 1283 1304 1344 ventum
1329 1276 1496 1358 diffluere,¹

445 1383 502 1448 sed
525 1382 569 1446 ad
595 1403 735 1447 examen
758 1383 879 1448 summi
904 1383 1021 1448 iudiois
1045 1386 1163 1447 cuneta
1189 1383 1336 1461 servari;
1370 1387 1405 1447 et
1428 1381 1498 1447 sive

444 1506 503 1570 per
527 1485 647 1551 amieos
673 1485 806 1572 angelos
832 1487 869 1549 in
895 1485 961 1550 fine
984 1485 1079 1550 nobis
1110 1484 1322 1562 ostendenda,
1348 1483 1418 1550 sive
1440 1505 1499 1570 per

444 1587 561 1654 hostes
607 1588 705 1668 Quod
724 1611 803 1654 vero
822 1588 914 1674 prius
935 1588 1110 1654 candidum
1129 1587 1271 1652 oodioem
1290 1587 1499 1674 protulerunt

444 1691 564 1778 angeli,
598 1691 716 1756 deinde
753 1697 862 1756 atrum
899 1691 1085 1768 dromones3
1122 1689 1172 1754 iiii
1204 1711 1411 1776 perparvum,
1442 1689 1499 1756 isti

444 1814 631 1860 enormem:
664 1793 995 1860 animadvertendum
1020 1798 1070 1858 est
1095 1791 1184 1880 quod
1207 1793 1244 1856 in
1267 1792 1375 1878 prima
1399 1797 1498 1858 aetate
1540 1856 1545 1864 ,

443 1897 532 1963 bona
552 1897 665 1982 aliqua
687 1895 773 1974 feeit,
806 1919 880 1982 quae
910 1900 1024 1961 tamen
1054 1895 1210 1961 universa
1239 1883 1341 1981 prave
1371 1895 1497 1982 agendo

443 2001 571 2065 iuvenis
592 1999 807 2067 obnubilavit.
848 1998 914 2079 Qui
933 1999 962 2064 si
982 1999 1181 2064 econtrario
1204 2019 1326 2062 errores
1347 1998 1497 2084 puerities

309 2147 313 2154 -
442 2105 606 2190 corrigere
629 2102 666 2168 in
686 2102 913 2180 adolescentia,
933 2123 972 2167 ao
994 2101 1077 2167 bene
1100 2101 1248 2166 faciendo
1268 2123 1289 2165 a
1310 2101 1374 2166 Dei
1397 2101 1499 2167 oeulis

442 2207 640 2272 abscondere
669 2211 823 2282 curasset,
850 2209 963 2292 posset
995 2225 1107 2270 eorum
1138 2225 1274 2268 numero
1307 2203 1496 2282 melarido

442 2309 561 2393 quibus
590 2309 640 2374 ait
666 2305 885 2374 Psalmistaz⁹
911 2307 1038 2372 “Beati
1068 2327 1208 2392 quorum
1240 2306 1384 2374 remissa
1417 2311 1496 2374 sunt

440 2411 644 2498 iniquitates,
682 2417 717 2476 et
754 2433 895 2498 quorum
932 2413 1021 2476 terta
1057 2414 1138 2476 sunt
1174 2407 1339 2498 pecca&
1398 2409 1496 2475 Hane

439 2513 621 2596 historiam,
645 2513 688 2578 ob
721 2513 863 2581 salutem
885 2513 1068 2602 legentium
1090 2511 1161 2580 sive
1183 2511 1394 2580 audientium
1423 2511 1499 2580 huie

441 2616 531 2703 operi
552 2615 758 2684 inserendam
781 2617 916 2706 dignam
939 2637 1008 2683 esse
1030 2613 1155 2704 putavi.

458 3176 716 3247 Conrmumro.
762 3178 814 3245 De
836 3178 910 3246 vita
933 3186 963 3246 et
986 3179 1081 3246 obita
1104 3178 1185 3268 Offca
1209 3178 1301 3266 reoda
1325 3176 1485 3249 oisemo-

817 3282 912 3350 ls'um
934 3282 1127 3353 Saxonum

271 3512 331 3566 offa
341 3530 381 3565 re-
487 3494 586 3558 OFFA
607 3512 668 3559 rex
691 3492 911 3561 Orientalium
935 3495 1113 3578 Saxonum,
1139 3496 1227 3563 filius
1250 3494 1380 3584 Sigheri
1403 3496 1497 3584 ragis,

270 3582 412 3631 ’ΜΨ
440 3593 498 3681 pia
530 3596 650 3661 ductus
682 3597 858 3664 devotione
895 3599 1038 3686 regalem
1073 3600 1238 3667 ecelesiam
1277 3600 1367 3665 beati
1406 3599 1497 3665 Petri

270 3650 372 3698 andorra

270 3713 428 3833 {gaf-ears,
442 3696 811 3779 westmonasteriensis,
832 3722 907 3787 quae
930 3724 951 3769 a
972 3709 1120 3790 tempore
1144 3702 1276 3769 Saberti
1293 3704 1382 3789 regis
1400 3702 1498 3789 primi

268 3856 379 3900 muster.
441 3800 586 3869 eiusdem
620 3803 764 3870 eeclesiae
797 3803 991 3881 fundatoris,
1028 3806 1114 3872 siout
1147 3828 1246 3894 supra
1277 3804 1495 3883 meminimus,

440 3928 543 3993 usque
575 3906 619 3971 ad
652 3912 803 3995 tempora
833 3908 916 3972 dieti
948 3906 1034 3975 Offae
1062 3909 1149 3995 regis
1186 3908 1415 3995 neglegentius
1447 3912 1497 3972 est

439 4010 564 4091 habita,
587 4002 684 4097 opere
707 4010 890 4097 ampliavit,
914 4015 948 4076 et
971 4034 989 4077 e
1011 4012 1163 4099 proximo
1185 4010 1276 4087 duas,
1301 4016 1335 4076 et
1357 4010 1393 4076 in
1416 4009 1497 4075 villa

438 4111 661 4179 Blekenoham
692 4111 837 4199 quinqua
867 4111 989 4179 adiecit
1017 4118 1181 4179 temeram
1211 4134 1366 4179 carrucas
1423 4112 1497 4177 Dis-

437 4220 592 4299 posuerat
606 4216 694 4281 enim
714 4216 839 4281 ibidem
859 4218 1092 4283 monachorum
1112 4216 1398 4304 congregationem
1419 4237 1492 4281 oon·

265 4341 369 4395 Femur
380 4346 424 4396 th,
439 4317 589 4382 stituere.
636 4318 703 4384 Sed
726 4319 770 4385 ad
794 4318 1028 4386 confessionem
1056 4318 1147 4385 Petri
1178 4318 1323 4386 eiusdem
1355 4318 1495 4383 Romam

264 4411 374 4475 ungine
436 4418 552 4485 adiens
567 4440 642 4485 oum
660 4419 847 4506 supradicto
868 4444 945 4509 rege
969 4422 1131 4501 Kenredo,
1147 4422 1195 4487 ibi
1212 4422 1252 4517 'in
1266 4444 1306 4488 ea
1320 4420 1494 4508 Anglioam

265 4476 351 4527 school
362 4486 389 4529 at

264 4542 353 4595 Rome.

1191 4633 1460 4645 *U——n

532 4798 539 4829 ι
558 4798 680 4864 esaan]
698 4797 816 4861 rmum,
829 4798 886 4850 us.
1087 4798 1154 4852 η’..
1165 4812 1229 4849 m.
1245 4800 1266 4849 1.
