3542 5800
464 862 529 923 214
731 871 795 920 arc.
820 872 867 918 nn
890 871 1023 920 cranao.
1048 871 1137 920 seno.
1161 871 1247 920 mar.
1297 933 1301 940 Ι

462 1063 550 1126 unde
574 1065 667 1138 esset,
705 1062 902 1148 promittens
926 1083 960 1126 se
986 1061 1072 1126 nihil
1098 1061 1130 1126 ei
1154 1062 1232 1126 mali
1266 1061 1431 1125 facturum
1456 1079 1516 1145 pro

463 1187 509 1243 eo,
541 1165 568 1230 si
609 1165 803 1252 simpliciter
841 1166 906 1230 sibi
944 1165 1017 1251 quia
1047 1165 1172 1245 fuisset,
1210 1165 1372 1252 proderet
1420 1162 1517 1242 Quod

463 1270 542 1334 dum
568 1269 624 1334 ille
638 1270 766 1346 faceret,
790 1268 979 1334 ministrum
1003 1289 1038 1334 se
1063 1269 1151 1355 regia
1175 1267 1273 1334 fuisse
1295 1265 1517 1344 manifestans,

464 1373 653 1458 respondit:
694 1372 768 1436 “Et
795 1395 854 1458 ego
878 1393 939 1458 per
968 1372 1098 1458 singula
1128 1377 1188 1436 tua
1216 1391 1372 1458 responsa
1400 1389 1517 1456 cogno·

463 1497 575 1541 veram
599 1476 677 1562 quia
705 1476 845 1541 rusticus
869 1495 937 1541 non
961 1497 1040 1556 eras,
1067 1481 1101 1540 et
1124 1493 1212 1539 nunc
1237 1474 1356 1561 dignus
1384 1473 1516 1558 quidem

464 1601 498 1643 cs
524 1583 638 1658 morte,
672 1578 749 1664 quia
781 1599 894 1644 omnes
923 1578 1042 1644 fratres
1072 1583 1106 1643 et
1135 1579 1267 1665 cognati
1297 1578 1362 1642 mei
1394 1576 1429 1640 in
1458 1576 1516 1640 illa

462 1688 540 1748 aunt
555 1703 666 1770 pugna
680 1682 870 1768 interempti
885 1705 893 1760 3
916 1687 1025 1748 necte
1048 1687 1162 1747 tamen
1176 1681 1329 1759 occidam,
1354 1701 1395 1746 ne
1417 1680 1515 1744 fidem

462 1788 528 1850 mei
551 1785 702 1872 promissi
724 1785 964 1871 praevaricem.’'

294 1903 434 1958 neumis
508 1889 560 1954 Ut
590 1910 667 1976 ergo
702 1889 879 1969 convaluit,
912 1889 1066 1954 vendidit
1096 1909 1171 1954 cnm
1204 1885 1384 1955 Londoniae
1416 1885 1515 1954 Freso

295 1976 437 2028 manave.
461 1993 608 2070 cuidam3
634 1991 690 2058 sed
712 2013 772 2058 nec
795 1993 837 2056 ab
859 1993 917 2056 illo
941 1989 1031 2057 cum¹
1049 1993 1128 2058 illuc
1143 1993 1318 2058 duceretur
1332 1989 1516 2058 ullatenus³

461 2097 572 2183 potuit
594 2095 730 2183 alligari
776 2094 900 2160 Verum
916 2117 989 2162 cum
1014 2097 1079 2160 alia
1104 2100 1203 2181 atquc
1227 2097 1294 2161 alia
1308 2096 1515 2161 vinculorum

461 2221 582 2286 genera
603 2200 713 2264 hostes
734 2199 949 2286 imponerent,
978 2221 1116 2285 cumque
1142 2199 1280 2264 vidisset
1301 2199 1358 2284 qui
1382 2203 1515 2278 emerat,

461 2300 602 2367 vinculis
625 2323 701 2367 eum
725 2325 793 2367 non
816 2321 910 2388 posse
938 2301 1090 2381 cohiberi,
1119 2303 1257 2368 donavit
1279 2303 1309 2367 ei
1325 2302 1514 2367 facultatem

460 2427 529 2469 sese
551 2405 732 2470 redimendi
757 2406 785 2469 si
809 2411 926 2492 posset.
974 2405 1006 2468 A
1022 2405 1122 2471 tertia
1137 2409 1249 2470 autem
1272 2399 1360 2482 hora,
1385 2405 1515 2490 quaudo

458 2509 568 2573 missae
606 2507 678 2572 fieri
717 2508 875 2585 solebant,
908 2509 1086 2595 saepissime
1124 2508 1257 2573 vincula
1293 2507 1513 2572 solvebantur.

460 2610 509 2676 At
534 2610 589 2675 ille
618 2609 756 2697 [dato]³
785 2610 998 2676 iureiurando
1029 2617 1068 2675 ut
1106 2610 1230 2675 rediret
1253 2610 1308 2675 vel
1343 2609 1514 2696 pecuniam

460 2711 509 2776 illi
539 2735 599 2798 pro
629 2735 664 2778 se
694 2713 852 2789 mitteret,
884 2713 979 2808 yenit
1013 2713 1172 2779 Kantiam
1210 2713 1253 2777 ad
1290 2731 1400 2799 regem
1432 2711 1515 2778 Hlo·

459 2815 599 2892 thorum,
627 2815 779 2902 quierat
805 2815 894 2881 filius
921 2817 1039 2881 sororis
1054 2813 1289 2882 AEtheldrithae
1316 2815 1445 2902 reginae,
1473 2815 1514 2880 de

382 2947 387 2957 ·
460 2940 526 3005 qua
540 2942 640 3007 supra
663 2920 789 2985 dictum
815 2925 874 3000 est,
901 2921 979 3005 quis
1006 2924 1040 2985 et
1074 2920 1144 3006 ipse
1171 2920 1338 3005 quondam
1368 2920 1512 2984 eiusdem

459 3024 583 3110 reginae
606 3023 759 3088 minister
785 3022 915 3087 fuerat:
940 3024 1103 3110 petiitque
1127 3028 1161 3089 et
1185 3024 1310 3110 sucepit
1325 3022 1368 3087 ab
1383 3044 1421 3088 eo
1443 3044 1515 3109 pre-

459 3128 545 3191 tium
582 3148 650 3193 suae
687 3126 933 3211 redemptionis,
973 3148 1011 3191 ac
1041 3148 1101 3191 suo
1133 3126 1264 3191 domino
1294 3148 1355 3212 pro
1392 3148 1435 3204 se,
1474 3132 1514 3191 ut

459 3230 662 3315 promiserat,
679 3229 778 3293 misit.

290 3350 331 3406 110
341 3364 442 3407 returns
506 3332 572 3411 Qui
586 3337 662 3418 post
684 3331 754 3397 haec
769 3330 912 3416 patriam
928 3350 1078 3397 reversus
1093 3337 1192 3417 ablue
1208 3330 1250 3396 ad
1265 3352 1361 3396 suum
1377 3332 1513 3399 fratrem

291 3423 399 3555 ffiry
460 3434 660 3520 perveniens,
691 3434 864 3519 replicavit
891 3456 934 3499 ex
965 3434 1079 3500 ordine
1109 3440 1226 3500 cuncta
1256 3456 1330 3521 quae
1359 3434 1422 3500 sibi
1456 3438 1513 3502 ad-

399 3530 406 3544 '
460 3558 563 3616 verso,
588 3557 703 3621 quaeve
738 3537 775 3599 in
800 3538 947 3602 adversis
975 3538 1095 3603 solacia
1120 3538 1370 3624 provenissent:
1396 3560 1514 3626 cogno-

460 3639 576 3725 vitque
590 3640 750 3704 referente
766 3660 814 3719 eo,
837 3640 904 3705 illis
928 3641 1073 3706 maxime
1098 3640 1301 3727 temporibus
1328 3662 1388 3707 sua
1413 3642 1513 3709 filiae

459 3743 592 3809 vincula
607 3742 723 3817 soluta,
740 3743 860 3829 quibus
881 3765 942 3829 pro
958 3766 992 3809 se
1007 3743 1179 3809 missarum
1202 3744 1334 3809 fuerant
1349 3744 1513 3811 celebrata

458 3846 623 3914 solemnia
669 3846 735 3912 Sed
769 3851 804 3911 et
826 3847 893 3910 alia
923 3868 996 3931 quae
1034 3847 1235 3934 periclitanti
1273 3848 1304 3912 ei
1343 3850 1512 3915 commoda

458 3952 672 4039 contigissent
698 3956 732 4015 et
755 3971 917 4036 prospera,
949 3972 1008 4037 per
1035 3950 1300 4015 intercessionem
1331 3950 1510 4017 fraternam

458 4064 492 4122 et
507 4056 705 4121 oblationem
727 4055 844 4120 hostiae
859 4055 1013 4121 saluteris
1029 4055 1158 4120 coelitus
1181 4052 1244 4121 sibi
1267 4054 1366 4121 fuisso
1389 4057 1511 4123 donato

457 4158 630 4223 intellexit.
688 4158 853 4244 Multique
891 4156 961 4223 haec
998 4180 1019 4223 a
1055 4157 1193 4245 praefato
1231 4158 1304 4223 viro
1341 4158 1512 4225 audientes

458 4261 583 4326 accensi
607 4265 686 4325 sunt
712 4262 749 4325 in
773 4261 838 4326 fide
865 4284 902 4326 ac
917 4261 1092 4327 devotione
1116 4260 1250 4349 pietatis
1274 4260 1317 4326 ad
1341 4262 1510 4341 orandum,

459 4362 512 4426 vel
542 4362 584 4426 ad
614 4364 834 4449 eleemosynas
864 4362 1038 4443 faciendas,
1070 4364 1124 4429 vel
1154 4364 1197 4431 ad
1228 4364 1408 4429 offerendas
1438 4366 1511 4434 Deo

458 4575 817 4585 ...m-*n
828 4580 836 4584 -
855 4580 859 4585 .
866 4580 928 4587 ..--
936 4580 1099 4589 ——-.-—.—

490 4713 576 4783 ¹cum]
595 4714 730 4776 noctise
748 4730 813 4777 cum,
824 4713 885 4766 Bed.
969 4718 973 4757 ¹
1024 4714 1251 4783 ’dasdamus

488 4794 641 4862 'ullatecud
659 4798 807 4857 nullatenus,
819 4794 875 4845 MS.
969 4758 974 4855 i
