3542 5800
449 872 496 923 oa
518 873 635 926 sesne
657 873 779 925 auson
801 872 983 925 suan-11.
1001 863 1052 937 56,
1079 857 1128 930 57.
1245 861 1310 928 229

260 1060 424 1142 scholam,¹
463 1084 538 1150 quae
573 1083 677 1149 usque
706 1061 803 1128 hodie
838 1062 974 1129 celebris
1006 1063 1130 1130 ibidem
1159 1063 1309 1142 habetur,
1322 1079 1383 1130 Bar.
1397 1097 1421 1130 v.
1436 1085 1483 1136 ror

260 1171 417 1244 statuens,
434 1188 509 1231 cum
524 1172 609 1231 esset
623 1165 752 1232 iuvenis
766 1165 999 1234 amantissimae
1017 1167 1127 1232 aetatis
1144 1172 1179 1234 et
1193 1189 1314 1233 venus·
1325 1229 1398 1280 gom.

261 1271 350 1348 tatis,
366 1273 512 1356 totaque
532 1291 601 1335 suae
623 1268 717 1355 genti
740 1269 784 1334 ad
806 1269 951 1334 tenenda
972 1270 1198 1356 servandaque
1220 1293 1313 1358 regnr
1326 1295 1351 1345 p.
1364 1287 1413 1332 seo
1425 1281 1459 1332 A.

260 1379 388 1460 secptra
422 1373 698 1460 exoptatissimus,
723 1373 884 1439 instinctu
909 1371 1034 1438 Divino
1060 1373 1239 1461 inspiratus
1266 1395 1315 1438 re·
1329 1347 1464 1480 lssff'md

1324 1147 1393 1198 Flet.
1406 1149 1454 1200 Vi·

264 1478 363 1563 liquit
395 1497 543 1558 uxorem,
577 1497 680 1564 agros,
722 1479 879 1563 cognatos
921 1481 956 1542 et
997 1477 1140 1562 patriam
1182 1483 1316 1564 propter
1328 1481 1445 1546 append

264 1579 434 1645 Christum
458 1584 492 1644 et
515 1584 652 1666 propter
676 1576 893 1664 evangelium,
920 1581 960 1642 ut
989 1577 1025 1643 in
1055 1577 1116 1645 hac
1139 1580 1213 1646 vita
1242 1601 1316 1645 cen·
1329 1563 1352 1613 ⁹¹
1366 1551 1413 1598 ⁶³⁷
1426 1549 1456 1600 13.

265 1683 396 1769 tuplum
417 1683 586 1768 acciperet,
602 1687 638 1748 et
658 1681 696 1746 in
717 1681 837 1748 saeeulo
859 1685 1002 1746 venturo
1019 1681 1125 1746 vitam
1148 1686 1315 1748 aeternum.

264 1785 416 1872 Purpura
444 1785 547 1871 regali
583 1785 730 1870 deposita
758 1789 910 1850 attonsus
940 1789 975 1850 et
1001 1784 1179 1850 monachus
1209 1785 1315 1850 factus

264 1889 359 1954 etin
385 1888 506 1953 habitu
527 1887 710 1954 monachali
732 1888 838 1954 vitem
865 1887 1038 1975 complens,
1064 1907 1102 1954 ae
1129 1887 1164 1952 in
1191 1885 1316 1954 Christi

262 1991 397 2056 servitio
419 1991 562 2056 fideliter
581 2012 803 2076 perseverans,
828 1991 973 2078 migrans
999 2013 1017 2056 e
1047 1990 1166 2057 saeculo
1196 1991 1231 2056 in
1262 2013 1317 2056 cu-

263 2095 355 2171 culla,
380 2094 425 2159 ad
449 2093 611 2158 visionem
636 2094 808 2162 beatorum
832 2095 1052 2182 apostolorum
1080 2095 1115 2159 in
1142 2094 1233 2160 coelis
1259 2093 1315 2158 diu
1444 2173 1449 2182 .

265 2197 482 2262 desideratam
504 2197 664 2284 pervenit

685 2620 764 2686 Car.
789 2621 898 2686 LVII.

392 2825 443 2892 De
466 2825 561 2892 obitu
582 2824 673 2912 recia
702 2821 869 2891 Witlrredi
898 2821 1182 2892 carcasona.

311 3032 531 3097 Wrrnnenus
561 3029 816 3097 Cantuariorum
849 3050 917 3107 rex,
942 3030 1029 3094 filius
1059 3029 1196 3115 Egberti
1225 3028 1318 3094 cuius
1330 3044 1456 3107 withred,

266 3158 365 3224 supra
401 3136 619 3214 meminimus,
643 3157 717 3201 cum
747 3135 837 3222 apud
863 3156 948 3213 suos,
979 3132 1066 3199 sicut
1095 3132 1316 3219 praediximus,
1329 3112 1434 3229 ffllfff

266 3241 427 3305 invidiam
457 3239 627 3325 pressisset
657 3237 830 3315 industria,
868 3242 903 3303 et
940 3236 1028 3324 apud
1065 3236 1175 3301 l105i<³³l
1204 3256 1316 3322 pamm
1330 3258 1455 3375 mab

265 3343 402 3410 lomsset
431 3343 576 3430 pecunia,
601 3364 723 3429 magna
752 3362 809 3427 spe
832 3340 957 3405 civium
982 3340 1119 3407 allectus
1141 3340 1177 3403 in
1206 3360 1317 3425 regem
1330 3392 1346 3443 i,
1362 3398 1399 3452 15¹
1412 3396 1486 3459 W&

266 3447 338 3512 voti
367 3451 532 3533 compotes
557 3444 643 3511 feeit
705 3444 806 3509 Domi
837 3444 926 3509 enim
957 3442 1062 3509 civilis
1093 3448 1128 3509 et
1148 3442 1235 3509 bello
1268 3443 1319 3507 in·

268 3552 383 3629 victus,
408 3548 631 3615 Christianam
653 3547 845 3633 religionem
867 3546 1070 3612 sanctissime
1086 3546 1195 3625 coluit,
1211 3550 1319 3633 potes-

268 3658 371 3718 tatem
404 3651 602 3737 amplissima
633 3648 791 3737 porrexit,
826 3655 861 3716 et
894 3654 934 3715 ut
967 3649 1051 3715 nihil
1081 3649 1234 3715 felicitati
1265 3650 1320 3715 de·

266 3761 358 3834 esset,
382 3760 457 3842 post
479 3754 622 3840 triginta
651 3758 719 3817 tres
748 3773 853 3818 annos
875 3754 1055 3839 longaevua
1080 3754 1169 3839 quod
1197 3752 1320 3817 beatis-
1333 3761 1473 3823 nirdam,

267 3860 385 3924 simum
408 3858 563 3923 mortales
585 3860 715 3944 putant,
731 3854 965 3944 superstitibus
981 3856 1125 3921 eiusdem
1147 3854 1320 3919 heredibus
1332 3844 1398 3946 ζζῗο
1409 3830 1481 3895 '⁰⁸⁰³

267 3962 377 4027 liberis
405 3960 522 4039 tribus,
561 3958 632 4025 fato
676 3956 809 4024 functus
840 3963 897 4023 est.
967 3957 1117 4038 Quorum
1155 3956 1321 4022 Edbertus
1334 3987 1455 4038 mmm

267 4065 390 4152 viginti
427 4064 545 4140 tribus,
577 4062 795 4129 Ethelbertus
829 4060 990 4139 undecim,
1021 4060 1153 4127 Alricus
1183 4060 1322 4147 triginta
1334 4055 1464 4172 {dmm

268 4173 427 4254 quattuor
464 4166 561 4232 annis
591 4170 732 4253 paterna
760 4169 904 4230 terentes
937 4164 1102 4243 instituta,
1141 4162 1232 4228 haud
1269 4162 1323 4229 de-
1335 4190 1387 4239 and
1397 4157 1480 4238 auid.

269 4272 375 4337 colore
421 4268 517 4336 exitu
564 4290 703 4355 regnum
756 4268 1043 4333 continuaverunt.
1114 4264 1190 4332 Nisi
1235 4268 1324 4351 quod

289 4373 505 4441 Ethelbertus
526 4371 666 4438 fortuito
689 4368 783 4437 urbis
803 4370 955 4449 incendio
970 4374 1005 4437 et
1027 4368 1158 4435 Alricus
1180 4367 1324 4435 infausto

301 4717 384 4768 'The
403 4715 552 4767 foundadon
569 4714 600 4767 oi
615 4715 668 4767 this
685 4715 770 4767 school
820 4714 880 4766 ore
903 4716 934 4767 os
957 4714 1055 4768 Marcia
1079 4716 1114 4780 by
1138 4714 1209 4767 Will.
1231 4714 1318 4765 Malm.

267 4797 289 4851 is
300 4796 434 4861 dubiously
445 4797 488 4858 (ut
504 4795 598 4863 fertur)
614 4796 727 4848 ascribed
744 4802 771 4845 to
820 4809 842 4859 p.
859 4800 913 4847 15³.
