3542 5800
444 970 448 982 Ι
487 894 551 956 140
754 908 819 959 mc
842 910 890 959 nn
912 910 1045 962 crasse
1068 912 1157 963 erne
1180 912 1267 964 nrsr.

484 1092 525 1158 dc
555 1091 743 1160 Scottorum
780 1094 912 1182 regione
941 1097 1053 1162 venire
1087 1095 1302 1176 Britanniam,
1341 1105 1441 1185 atque
1471 1100 1536 1165 illis

485 1193 667 1282 Anglorum
704 1198 890 1284 provinciis,
921 1197 1042 1285 quibus
1079 1200 1232 1287 regnavit
1260 1221 1320 1266 rex
1352 1200 1536 1280 Oswaldus

484 1318 604 1383 magna
641 1298 815 1365 devotione
843 1300 982 1366 verbum
1012 1300 1089 1366 fidei
1120 1302 1308 1387 'praediccre
1341 1308 1375 1368 et
1405 1304 1535 1369 creden-

483 1398 574 1465 tibus
610 1402 751 1488 gratiam
788 1401 953 1489 baptismi,
984 1404 1169 1489 quicunque
1207 1404 1399 1470 sacerdotali
1440 1412 1535 1471 erent

482 1502 588 1589 gradu
616 1503 756 1589 praediti,
781 1504 974 1571 ministrare
1022 1504 1306 1571 construebantur
1329 1526 1407 1593 ergo
1437 1507 1534 1573 eccle

483 1605 541 1671 sica
565 1628 624 1693 per
653 1605 732 1685 loca,
759 1606 969 1673 confluebant
999 1608 1042 1673 od
1076 1607 1275 1674 audiendum
1301 1608 1440 1674 verbum
1470 1606 1533 1675 Dei

482 1708 670 1795 gaudentes,
702 1708 910 1774 donabantur
952 1730 1086 1775 munere
1122 1711 1211 1797 regio
1248 1709 1464 1795 possessiones
1500 1716 1534 1778 et

481 1811 647 1877 territoria
672 1811 716 1876 ad
738 1810 944 1877 instituenda
968 1812 1173 1891 monasteria,
1194 1810 1428 1878 imbuebantur
1453 1834 1534 1899 prae

480 1913 665 2001 captoribus
680 1912 802 1980 Scottis
821 1914 951 2003 parandi
973 1913 1165 2001 Anglorum,
1181 1936 1248 1980 una
1262 1936 1337 1981 cum
1356 1914 1534 1981 maioribus

480 2016 599 2082 studiis
621 2021 655 2082 et
677 2016 905 2083 observatione
927 2016 1106 2103 disciplinae
1128 2016 1293 2103 regularis

313 2119 462 2236 {piculam
526 2118 614 2183 Nam
643 2117 795 2184 monachi
821 2124 917 2183 erant
946 2119 1089 2183 maxime
1117 2119 1174 2204 qui
1197 2118 1239 2183 ad
1269 2116 1533 2205 praedicctionem

480 2226 648 2287 venerant.
694 2220 875 2286 Monachus
906 2220 976 2308 ipse
1014 2222 1182 2308 episcopus
1219 2220 1378 2299 Aidanus,
1415 2228 1534 2308 utpote

480 2322 520 2387 dc
546 2323 654 2388 insula
682 2344 757 2408 quoe
783 2327 922 2388 vocatur
952 2322 1012 2388 Hii
1043 2322 1245 2389 destinatus:
1281 2322 1374 2388 cuius
1403 2344 1533 2389 monas·

479 2425 600 2489 cenum
625 2425 662 2488 in
687 2424 813 2490 cunctis
836 2446 931 2511 paene
953 2424 1271 2512 septentrionalium·
1285 2424 1474 2491 Scottomm
1499 2430 1533 2491 et

478 2526 626 2592 omnium
673 2525 841 2592 Pictorum
890 2528 1096 2629 monasteriis
1144 2549 1210 2593 non
1248 2550 1351 2614 parvo
1384 2532 1532 2614 tempore

477 2650 584 2693 arcem
629 2628 772 2705 tenebat,
814 2629 1029 2716 regendisque
1067 2652 1178 2696 eorum
1217 2630 1346 2716 popuiis
1382 2636 1531 2717 praeerat

479 2731 562 2812 Quae
576 2731 729 2798 videlicet
752 2732 860 2797 insula
879 2733 923 2797 cd
945 2733 997 2799 ius
1019 2732 1152 2819 quidem
1176 2732 1357 2799 Britannice
1377 2732 1530 2819 pertinet,

476 2857 544 2902 non
559 2856 678 2924 magno
699 2833 744 2902 ab
765 2856 805 2902 ea
825 2835 911 2902 freto
926 2835 1073 2914 discreta,
1090 2835 1147 2902 sed
1163 2834 1338 2902 donatione
1354 2834 1528 2917 Pictorum,

476 2940 534 3025 qui
549 2938 621 3004 illas
636 2937 818 3004 Britanniae
835 2938 949 3026 plagas
969 2938 1126 3018 incolunt,
1141 2938 1334 3003 iamdudum
1350 2937 1527 3006 monechis¹

428 3028 436 3047 ⁶
476 3041 665 3108 Scottorum
695 3041 826 3118 tradita,
850 3061 890 3107 eo
924 3040 1012 3126 quod
1043 3039 1110 3104 illis
1141 3039 1395 3126 praedicentibus
1429 3040 1529 3107 fidem

477 3144 601 3210 Christi
622 3143 831 3231 perceperint.

307 3247 417 3300 Beciii.
430 3256 454 3304 ⁶·
522 3246 634 3312 Huius
656 3246 759 3334 igitur
782 3244 942 3312 antistitis
956 3244 1081 3310 Aidcni
1099 3243 1248 3312 doctrina
1269 3265 1329 3310 rex
1351 3243 1527 3314 Oswaldus

308 3342 440 3460 Qud:
474 3371 551 3416 cum
580 3371 620 3414 ca
648 3350 701 3414 cui
730 3354 870 3435 praeerct
905 3351 1003 3435 gente
1032 3346 1216 3434 Anglorum
1247 3345 1428 3426 institutus,
1461 3371 1527 3415 non

307 3475 422 3528 unione
473 3452 580 3516 solum
617 3451 786 3537 incognita
822 3449 1084 3537 progenitoribus
1126 3449 1193 3514 suis
1230 3469 1332 3536 regna
1369 3449 1524 3516 coelorum

473 3575 603 3641 sperare
635 3553 758 3632 didicit,
786 3554 845 3620 sed
879 3559 915 3618 et
940 3574 1042 3640 regna
1072 3557 1232 3618 terrarum
1262 3551 1436 3638 plusquam
1466 3553 1526 3619 ulli

473 3656 634 3720 maiorum
665 3676 799 3721 suorum
825 3654 1007 3720 abeodem
1033 3677 1099 3720 uno
1125 3654 1197 3720 Deo
1221 3653 1279 3740 qui
1304 3654 1381 3720 fecit
1403 3654 1524 3722 coelum

473 3764 509 3824 et
530 3763 651 3824 terrem
675 3763 866 3824 consecutus
889 3761 947 3822 est.
1003 3757 1154 3842 Denique
1178 3777 1291 3822 omnes
1316 3755 1468 3823 nationes
1490 3763 1526 3823 ct

472 3860 655 3948 provincias
680 3860 870 3938 Britanniae,
893 3881 967 3946 quae
994 3859 1030 3923 in
1054 3865 1213 3945 quattuor
1242 3858 1380 3944 linguas,
1407 3858 1523 3937 idest,

473 3965 647 4031 Britonum
671 3969 707 4029 et
731 3962 907 4038 Pictorum,
935 3960 1123 4027 Scottorum
1148 3965 1183 4026 et
1206 3959 1388 4046 Anglorum
1409 3961 1524 4028 divisae

472 4073 558 4146 sunt,
581 4067 617 4132 in
640 4065 767 4132 dicione
788 4063 922 4149 accepit.

318 4182 378 4259 je
412 4213 424 4225 -
517 4169 590 4250 Quo
627 4169 721 4256 regni
757 4167 899 4233 cuimine
933 4163 1136 4241 sublimatus,
1168 4163 1389 4240 nihilominus,
1436 4161 1524 4250 quod

303 4262 316 4297 ¹
347 4266 361 4300 ’·
471 4271 592 4334 mirum
616 4271 708 4334 dictu
733 4273 791 4347 est,
817 4265 1016 4355 pauperibus
1038 4287 1076 4332 ac
1099 4265 1279 4352 peregrinis
1306 4286 1434 4353 semper
1462 4265 1524 4330 huss

469 4371 557 4436 milis
593 4393 631 4437 ac
666 4371 778 4456 largus
814 4370 888 4435 fuit.
945 4369 1043 4434 Unda
1080 4368 1223 4434 arbitror
1260 4368 1361 4434 ctiam
1397 4373 1523 4455 tempo

469 4472 583 4542 aliter
611 4471 797 4538 absolutam
827 4492 896 4538 esse
919 4470 1059 4538 coelestis
1089 4468 1261 4536 sententiae
1290 4469 1398 4550 fidem,
1422 4491 1522 4557 quom

799 4823 806 4852 ¹
819 4817 954 4888 mactis]
968 4817 1113 4879 monacbis,
1124 4815 1181 4870 MS.
