3542 5800
479 855 544 920 160
746 870 810 919 a1c.
834 868 880 919 on
903 868 1033 921 omnuc.
1057 870 1144 920 senc.
1169 872 1254 923 msc

477 1054 618 1119 condita
686 1052 766 1119 Post
810 1054 903 1121 cuius
949 1062 1089 1122 mortem
1128 1056 1285 1123 fratribus
1322 1056 1388 1123 alia
1424 1056 1527 1143 magis

476 1155 675 1235 curantibus,
691 1156 914 1223 intermissum
928 1162 979 1224 est
997 1159 1059 1224 hoc
1080 1160 1256 1225 aedificium
1278 1160 1373 1225 annis
1395 1164 1525 1245 septem.

478 1256 607 1337 Quibus
643 1259 819 1346 completis,
858 1266 1049 1327 statuerunt
1086 1262 1128 1327 ob
1165 1261 1372 1329 nimietatem
1409 1262 1529 1327 laboris

476 1360 574 1426 helius
596 1366 795 1427 structuram
810 1364 952 1431 ecclesiae
967 1362 1117 1429 funditus
1139 1364 1321 1451 relinquere
1333 1387 1341 1443 ;
1364 1386 1437 1430 ossa
1450 1384 1528 1430 vero

475 1462 649 1529 abbatisse
672 1464 730 1530 illo
756 1465 890 1531 deloco
916 1466 1044 1531 elevato
1066 1466 1102 1531 in
1129 1466 1229 1531 uliam
1253 1468 1426 1544 eeclesiam,
1455 1488 1528 1553 quse

475 1570 561 1631 emet
596 1566 741 1653 perfecto
769 1590 808 1633 sc
837 1568 995 1647 dedicata,
1026 1568 1209 1635 transferre.
1265 1568 1311 1635 Et
1347 1570 1528 1657 aperientes

475 1668 660 1755 sepulcrum
697 1670 775 1747 eim,
812 1670 863 1737 ite
898 1671 1131 1737 intemeratum
1169 1692 1285 1759 corpus
1322 1672 1527 1749 invenerunt

475 1772 561 1838 sicut
590 1794 611 1837 a
640 1774 846 1859 corruptione
884 1774 1152 1861 concupiscentiae
1190 1774 1328 1839 carnalis
1365 1780 1437 1840 erat
1467 1775 1529 1839 im·

476 1894 595 1939 mune:
626 1879 662 1941 et
685 1875 735 1940 ita
757 1876 865 1941 denuo
888 1876 1003 1954 lotum,
1029 1884 1130 1964 atque
1159 1876 1233 1942 aliis
1256 1877 1404 1943 vestibus
1434 1878 1528 1943 indu-

475 1982 559 2056 tum,
589 1978 831 2043 transtulerumt
859 1978 943 2044 illud
972 1979 1007 2044 in
1038 1979 1204 2045 eeclesiam
1242 1979 1331 2046 beati
1369 1978 1529 2067 Stephani

476 2079 750 2165 protomartyris3
782 2081 876 2145 cuius
899 2080 1053 2147 videlicet
1075 2082 1195 2147 natulis
1218 2082 1253 2147 in
1275 2103 1395 2169 magno
1427 2081 1530 2169 gloria

477 2182 525 2246 ibi
547 2182 631 2247 solet
654 2181 810 2247 celebrari
833 2182 886 2249 die
910 2204 1071 2249 nonarum
1093 2182 1266 2249 «luliarum.

915 2759 994 2827 One.
1027 2758 1094 2825 XL.

480 2933 579 3018 Quod
601 2933 761 3023 &functo
779 2933 944 3018 Ktuoyils
961 2955 1035 3019 coya
1057 2932 1332 3000 Occidentalium
1351 2933 1532 3003 &mum

523 3036 705 3103 Kioewatc
727 3035 759 3102 ci
782 3036 826 3101 io
846 3057 994 3120 requam
1024 3035 1186 3102 mucescit.
1233 3035 1391 3102 Osculdo
1415 3043 1532 3103 culon

522 3138 567 3205 io
588 3161 693 3226 royac
715 3137 961 3205 Bccocicc‘orum
991 3137 1149 3203 succeseit
1178 3137 1285 3224 Omrrij
1306 3137 1420 3224 fautor
1446 3138 1531 3214 eius,

310 3235 466 3365 ffim
524 3247 554 3306 et
584 3241 628 3307 ic
660 3263 763 3327 aequo
796 3237 988 3306 Deiectum
1024 3239 1180 3306 succeseit
1216 3237 1327 3306 auem
1370 3239 1533 3306 Ommuus

310 3375 405 3437 ee³⁰
416 3377 457 3426 ³1
520 3343 627 3430 filius
648 3344 739 3429 scyta
762 3341 882 3411 oasa.

310 3541 435 3599 mos
525 3515 630 3580 Auso
659 3515 777 3601 mutire
808 3515 1044 3582 sexcentesimo
1072 3513 1321 3602 quadragesimo
1346 3513 1447 3582 tertio
1472 3536 1531 3581 rex

309 3613 434 3729 ξωεῦι
481 3617 742 3684 Occidentalium
771 3617 940 3685 Saxonum
966 3617 1124 3704 Kincgils,
1150 3639 1224 3682 cum
1246 3622 1414 3704 regnasset
1436 3619 1532 3683 annis

309 3678 425 3808 ἮἛΞ,
479 3719 619 3808 triginta
644 3723 793 3804 quatuor,
817 3741 860 3786 ex
890 3719 952 3784 hoc
980 3719 1099 3784 aaeculo
1128 3719 1293 3804 migravit,
1320 3723 1355 3785 et
1379 3721 1533 3807 regnavit

309 3813 379 3864 AJ).
392 3819 448 3877 ⁸⁴³
441 3845 539 3911 pro
567 3844 607 3889 eo
638 3821 816 3888 Kinewollr
852 3822 941 3889 filius
978 3821 1048 3886 eius
1081 3821 1229 3938 tnginta·
1257 3825 1292 3886 et
1324 3842 1392 3887 uno
1428 3823 1530 3888 annis

480 3925 549 3992 Istc
579 3926 666 3991 enim
696 3925 802 4011 primo
836 3923 930 4010 regni
967 3923 1111 4009 auspicio
1148 3923 1313 4009 pessimus,
1352 3924 1460 3990 medio
1497 3928 1532 3990 ct

308 4031 427 4082 nndm·
477 4029 596 4094 ultimo
625 4027 718 4114 regni
747 4025 800 4091 sui
829 4031 977 4112 tempore
1016 4025 1148 4111 optimis
1185 4025 1388 4112 principibus
1425 4025 1532 4092 fuerat

309 4161 400 4214 Kinev
401 4163 452 4226 uk
477 4129 720 4250 comparandus
766 4128 936 4194 Potestate
966 4127 1128 4213 siquidem
1158 4127 1308 4193 uitiatus
1337 4127 1531 4208 adolescens,

307 4229 435 4294 seiguel
477 4235 536 4320 qni
560 4234 645 4299 luxu
670 4233 864 4298 insolescens
887 4231 973 4296 facta
995 4229 1165 4316 paterna
1155 4252 1191 4294 1n
1213 4230 1362 4295 secundis
1387 4237 1531 4317 poneret,

308 3887 432 4015 Hiscon·

309 4309 391 4362 lm
477 4335 547 4400 sine
576 4335 771 4400 retractione
802 4331 1116 4400 Ohristianissimum
1140 4353 1178 4396 ac
1203 4331 1387 4418 legitimum
1418 4333 1533 4398 matri-

309 4465 420 4530 Pena„
477 4435 625 4502 monium
662 4435 836 4500 abiuravit
894 4433 960 4500 Sed
989 4455 1010 4498 a
1040 4433 1173 4499 Pcenda
1209 4455 1286 4520 rege
1324 4433 1530 4512 Muciorum,

309 4532 414 4599 eugas
478 4539 571 4605 cuius
616 4538 718 4605 sorori
766 4536 940 4625 repudium
983 4536 1127 4617 dederat,
1165 4535 1253 4601 bello
1289 4535 1460 4624 impetitus
1497 4543 1532 4603 et

308 4599 413 4717 iffi*
478 4641 595 4719 victus,
642 4640 686 4706 ad
726 4660 836 4726 regem
885 4637 1104 4704 Orientalium
1143 4636 1327 4724 Anglonun
1376 4639 1531 4726 eonfugll⁴

307 4731 445 4866 ῑξῑὲῗώ
478 4743 550 4810 Ubi
599 4749 634 4810 et
675 4741 807 4829 propria
855 4739 1042 4807 calamitate
1089 4744 1124 4806 et
1172 4739 1310 4828 hospitis
1357 4740 1533 4808 sedulitate
