3542 5800
463 881 510 932 ns
532 882 649 934 cssrrs
671 883 792 934 nnsuu
815 881 998 934 susa--n
1014 869 1066 934 26.
1219 870 1283 934 113

230 1065 357 1134 Christi
384 1075 577 1156 cooperante
601 1071 751 1158 potentia
782 1071 1044 1137 Christianorum
1071 1091 1208 1137 numero
1231 1091 1285 1138 co·

228 1169 386 1256 puletur;
418 1177 458 1238 ut
483 1173 620 1259 perinde
644 1172 840 1239 intemerato
870 1173 1037 1240 societatis
1061 1172 1182 1240 foederc
1211 1174 1285 1239 iura

229 1279 345 1340 teneas
382 1274 543 1340 maritalis
581 1276 744 1342 consortii
803 1275 969 1363 Scriptum
1006 1297 1149 1361 namque
1187 1281 1237 1341 est
1252 1273 1282 1340 :¹

231 1381 239 1410 ‘
258 1373 367 1441 Erunt
381 1376 449 1443 duo
472 1377 508 1442 in
528 1362 624 1444 carne
639 1377 724 1442 una'
771 1377 942 1458 Quomodo
968 1399 1044 1465 ergo
1063 1379 1175 1444 unitas
1189 1378 1285 1444 vobis

228 1477 470 1544 coniunctionis
507 1479 612 1546 inesse
650 1479 715 1545 dici
752 1479 884 1567 poterit,
923 1479 953 1544 si
990 1501 1011 1544 a
1046 1485 1168 1546 vestroe
1205 1479 1282 1545 fidei

229 1578 403 1664 splendore
433 1581 636 1668 interpositis
670 1581 875 1648 detestabilis
905 1581 1024 1649 erroris
1053 1583 1198 1648 tenebris
1227 1582 1284 1648 ille

230 1683 427 1748 remanserit
447 1683 596 1748 alienusl

278 1792 296 1819 “
318 1783 419 1850 Unde
446 1785 589 1853 orationi
614 1784 781 1852 continuae
803 1785 968 1863 insistens,
993 1809 1014 1851 a
1031 1785 1284 1872 longanimitate

228 1887 369 1953 coelestis
399 1887 580 1954 clementiae
609 1887 861 1954 illuminationis
889 1887 991 1976 ipsius
1028 1888 1187 1953 beneficia
1223 1887 1285 1953 im·

229 1993 360 2074 petrare
388 2011 456 2056 non
486 1990 635 2056 desinas:
673 1995 714 2056 ut
742 1990 898 2056 videlicet
927 2010 1009 2075 quos
1030 1989 1195 2076 copulatio
1215 2011 1286 2055 car·

230 2091 317 2156 nelis
355 2091 491 2158 affectus
528 2115 632 2158 unum
669 2091 909 2180 quodammodo
946 2113 1062 2178 corpus
1096 2091 1283 2157 exhibuisse

231 2198 444 2276 monstratur,
468 2192 528 2260 hos
557 2216 687 2282 quoquc
717 2195 829 2260 unitas
859 2193 938 2259 fidei
961 2195 1063 2258 etiam
1086 2197 1161 2280 post
1184 2193 1283 2259 huius

230 2295 314 2362 vitae
328 2295 507 2362 transitum
531 2297 568 2362 in
588 2301 745 2384 perpetua
764 2294 921 2362 societate
935 2302 1113 2362 conservet
1160 2296 1283 2362 Insiste

228 2385 315 2484 ergo,
361 2397 503 2486 gloriosa
539 2399 617 2478 filia,
662 2403 697 2464 et
740 2398 876 2464 summis
914 2398 1086 2464 conatibus
1123 2397 1281 2464 duritiam

229 2501 336 2566 cordis
360 2502 464 2589 ipsius
489 2501 641 2588 religiosa
667 2499 865 2568 Divinorum
889 2505 1127 2588 praeceptorum
1157 2500 1281 2566 insinu-

229 2603 341 2668 atione
356 2603 484 2669 mollire
506 2625 709 2690 summopere
725 2603 915 2668 dematura:
939 2602 1118 2668 infundens
1132 2603 1282 2668 sensibus

229 2705 306 2785 eius,
332 2711 493 2792 quantum
518 2706 562 2771 sit
584 2704 778 2793 pruaclarum
802 2703 891 2790 quod
920 2704 1081 2770 credendo
1107 2705 1280 2792 suscepisti

227 2808 431 2894 mysterium,
448 2814 652 2894 quantumve
670 2807 714 2872 sit
734 2805 928 2872 admirabile
948 2807 1037 2893 quod
1059 2812 1177 2872 renata
1197 2829 1280 2893 prse-

228 2912 345 2977 mium.
362 2911 516 2997 consequi
545 2910 705 2977 meruisti.
764 2908 997 2997 Frigiditatem
1035 2910 1141 2975 cordis
1177 2910 1280 2996 ipsius

226 3012 341 3077 Sancti
361 3012 506 3100 Spiritus
527 3012 779 3078 annuntiatione
797 3012 975 3091 succende3
998 3012 1154 3097 quatinus
1169 3016 1280 3078 amoto

227 3120 361 3201 torpore
384 3110 668 3201 perniciosissimi²
692 3114 808 3189 cultus,
834 3112 970 3177 Divinae
993 3111 1073 3176 fidei
1098 3110 1187 3177 calor
1209 3111 1280 3177 eius

227 3216 482 3303 intelligentiam
527 3222 660 3283 tuarum
704 3214 975 3281 adhortationum
1015 3214 1281 3299 frequentatione

229 3320 426 3386 succendat:
459 3322 499 3384 ut
523 3319 669 3406 profecto
696 3339 795 3383 sacrae
820 3316 1002 3403 Scripturas
1032 3315 1276 3381 testimouium³

226 3444 285 3509 per
313 3426 349 3487 te
379 3422 547 3507 expletum
576 3418 805 3485 indubitanter
834 3417 1032 3505 perclareat:
1067 3417 1279 3484 ‘Salvabitur

226 3525 280 3589 vir
309 3523 453 3589 infidelis
489 3543 548 3609 per
584 3520 755 3587 mulierem
789 3519 937 3587 fidelem!
997 3520 1053 3586 Ad
1089 3518 1151 3587 hoc
1188 3522 1277 3587 enirn

226 3624 483 3692 misericordiam
499 3623 681 3690 Dominicae
696 3624 831 3710 pietatis
841 3628 1015 3689 consecuta
1024 3645 1067 3699 es,
1078 3630 1118 3688 ut
1132 3624 1276 3691 fructum

225 3730 305 3795 fidei
331 3727 592 3813 creditorumque
621 3724 686 3791 tibi
715 3724 948 3791 beneficiorum
975 3724 1189 3812 Redemptori
1217 3732 1277 3793 tuo

225 3830 443 3917 multiplicem
462 3828 650 3916 resignares
698 3826 796 3907 Quod
811 3827 963 3913 equidem
977 3826 1178 3914 suffragante
1193 3850 1277 3915 prae·

225 3934 310 3999 sidio
336 3930 554 4018 benignitatis
590 3930 701 4017 ipsius,
739 3935 780 3996 ut
810 3930 941 4016 explere
978 3929 1099 4009 valcas,
1138 3930 1277 3995 assiduis

224 4056 293 4101 non
315 4033 504 4099 desistimus
526 4031 676 4119 precibus
698 4031 871 4119 postulare

273 4146 289 4171 “
314 4136 379 4201 His
393 4156 471 4223 ergo
485 4134 669 4221 premissis,
691 4140 838 4221 paternae
860 4132 956 4199 vobis
976 4130 1161 4198 dilectionis
1184 4132 1276 4197 exhi·

224 4238 340 4307 bentes
370 4236 477 4304 officia
505 4236 684 4314 hortamur,
715 4242 754 4304 ut
783 4258 843 4303 vos
876 4239 1007 4322 reperta
1031 4236 1201 4322 portitoris
1223 4256 1276 4302 oc-

225 4342 361 4419 casione,
377 4362 379 4366 ·
393 4341 434 4406 de
464 4338 517 4405 his
546 4360 620 4425 quae
649 4359 708 4426 per
737 4360 797 4405 vos
827 4359 969 4425 superna
998 4338 1149 4425 potentia
1177 4338 1276 4405 mira·

260 4712 268 4745 ¹
281 4710 372 4766 Genii.
384 4717 425 4765 2⁴.
807 4716 817 4747 ¹
832 4720 842 4764 l
856 4713 915 4767 Cor.
926 4713 971 4765 rii.
985 4719 1024 4766 14.

261 4792 492 4861 'michdsrimij
502 4791 675 4859 perniciocimi,
683 4792 739 4846 MS.

1077 4890 1104 4937 Η
