3542 5800
475 865 539 930 288
735 877 801 928 ruo.
826 879 873 928 ne
896 877 1029 928 crsnuc.
1053 877 1142 928 srsc.
1166 877 1253 930 ruer.

472 1069 668 1136 deliberavit
681 1075 831 1137 sanetum
853 1093 964 1161 regem
985 1075 1021 1138 et
1034 1071 1174 1138 amicum
1190 1070 1255 1136 Dei
1270 1067 1513 1138 AEtbelbertnm

471 1172 613 1238 velocius
642 1172 742 1240 morti
771 1175 910 1257 trudere,
936 1179 971 1242 et
1003 1197 1140 1263 regnum
1174 1173 1352 1241 Orientalis
1381 1170 1512 1258 Anglire

470 1275 558 1340 tenti
590 1275 677 1363 regis
713 1275 853 1344 interitu
883 1278 1028 1345 viduare
1084 1278 1166 1359 Quoe
1202 1277 1337 1343 invidiae
1371 1274 1511 1341 stimulis

469 1378 596 1466 agitato
608 1378 651 1444 cd
672 1401 782 1467 regem
797 1380 906 1448 Offam
920 1381 1081 1459 introivit,
1097 1385 1132 1446 et
1153 1379 1321 1467 procidens
1341 1379 1377 1444 in
1390 1383 1511 1445 terrum

469 1487 547 1547 ante
568 1488 775 1570 conspectum
799 1483 869 1550 eius
893 1484 1054 1572 ingemuit
1075 1483 1239 1572 suspirans
1260 1488 1296 1550 et
1323 1482 1388 1548 ait:
1412 1479 1512 1544 “Ad-

470 1584 605 1671 quiesoe,
627 1587 777 1674 princeps
805 1587 951 1674 insignis,
982 1587 1124 1654 consiliis
1156 1587 1245 1666 meis,
1269 1591 1303 1652 et
1331 1607 1373 1651 ne
1401 1583 1512 1650 medes

469 1709 607 1776 regnum
630 1695 725 1754 tuum
739 1689 893 1777 gentibus
915 1690 1040 1770 alienis,
1056 1689 1113 1778 qui
1128 1710 1224 1777 super
1238 1689 1394 1777 populum
1415 1692 1511 1752 tuum

470 1791 672 1858 constituent
700 1791 852 1878 proelium
873 1797 909 1860 et
937 1798 1052 1860 contra
1081 1791 1167 1859 filios
1196 1795 1272 1858 tuos
1308 1790 1514 1857 suscitabunt

469 1893 600 1959 bellum.
646 1893 792 1961 Heredes
814 1895 866 1960 tui
880 1896 1006 1982 laqueis
1021 1917 1132 1963 eorum
1147 1895 1324 1981 capientur,
1340 1897 1375 1958 et
1388 1892 1512 1979 captivi

469 1996 505 2061 in
527 1997 672 2062 maxima
693 1997 825 2064 miseric
848 1998 1095 2066 interficientur.
1142 1999 1197 2064 Ad
1218 2001 1327 2084 patres
1341 2001 1415 2062 tuos
1436 2017 1511 2060 cum

469 2100 635 2187 appositus
658 2099 767 2178 fueris,
790 2100 995 2168 siedrensm
1017 2101 1111 2168 nobis
1133 2099 1293 2168 dominari
1318 2099 1510 2188 permiseris,

469 2204 592 2289 absque
624 2202 735 2268 liberis
769 2210 868 2269 erunt
897 2225 1014 2271 uxores
1036 2211 1071 2271 et
1100 2203 1217 2280 vidnae,
1249 2207 1284 2270 et
1312 2203 1377 2268 viri
1399 2222 1511 2267 eornm

468 2306 649 2371 morientur
662 2311 775 2372 morte
822 2307 904 2372 Ecce
919 2307 1143 2374 AEtbelbertus
1158 2305 1381 2372 Orientalibus
1395 2304 1512 2390 Anglis

468 2407 617 2495 princeps
642 2407 807 2494 praelatus,
831 2407 945 2495 Τγιιὶοι
975 2415 1062 2476 ostro
1092 2416 1125 2476 et
1151 2409 1260 2476 sericis
1282 2413 1380 2495 atque
1406 2407 1511 2494 cyna

468 2511 564 2576 dibus
586 2511 812 2590 circumdatus,
827 2518 964 2600 argento
986 2519 1021 2580 et
1041 2533 1121 2578 auro
1136 2517 1171 2579 et
1184 2511 1348 2600 lapidibus
1362 2509 1511 2598 pretiosis

467 2618 628 2691 oneratus,
643 2613 806 2701 petiturus
828 2615 925 2680 bodie
946 2615 1049 2682 filiam
1063 2621 1164 2697 tuam,
1180 2615 1353 2703 superbam
1366 2613 1512 2680 facturus

467 2738 526 2803 per
539 2722 574 2782 te
598 2721 730 2804 gentem
756 2739 858 2795 srmm,
882 2719 911 2783 si
932 2718 1042 2784 stabili
1066 2717 1203 2785 conubio
1228 2717 1298 2805 regi
1316 2715 1510 2784 adolescenti

467 2819 673 2886 coniunxeris
703 2841 796 2902 eam3
818 2821 941 2908 fietque
970 2843 1028 2909 per
1063 2842 1135 2887 eam
1172 2843 1231 2887 rex
1259 2821 1346 2886 idem
1382 2839 1509 2908 semper

467 2923 575 3002 ditior,
599 2928 640 2989 tu
664 2944 745 2989 vero
771 2924 815 2990 sd
837 2925 947 2989 omnia
971 2924 1134 3012 explenda
1161 2924 1355 3012 pauperior3
1384 2922 1509 2989 AEtbel·

465 3027 578 3093 bertus
591 3026 716 3107 fortior,
735 3026 811 3093 Offa
825 3026 1040 3115 inpotentior3
1063 3028 1119 3093 ille
1133 3028 1286 3116 superior,
1302 3030 1341 3091 tu
1356 3024 1509 3104 inferior3

464 3130 519 3195 ille
541 3130 714 3211 robustior,
741 3135 781 3195 tu
807 3130 955 3197 deterior.
1002 3130 1047 3197 Et
1070 3130 1150 3217 quia
1173 3134 1327 3217 provecte
1352 3134 1403 3195 est
1427 3134 1508 3195 aetss

463 3238 523 3299 tue
548 3238 584 3299 et
604 3233 671 3299 iam
695 3234 838 3299 vertitur
863 3234 906 3299 ad
930 3234 1064 3313 senium,
1081 3233 1176 3298 iilum
1197 3237 1308 3299 autem
1334 3232 1370 3296 in
1395 3230 1508 3297 iuven-

462 3336 546 3401 tutis
560 3336 665 3424 gloria
679 3337 774 3423 quusi
788 3336 915 3402 leonem
941 3336 1049 3402 sciunt
1071 3358 1139 3402 esse
1162 3334 1416 3422 magnanimum,
1431 3334 1508 3400 huic

463 3438 559 3504 duces
588 3438 641 3505 tui
670 3444 707 3504 et
736 3440 883 3506 consules
908 3438 1113 3505 familiariter
1142 3438 1369 3523 obsequentur,
1398 3441 1438 3502 ut
1464 3436 1507 3502 ab

461 3562 571 3606 amore
586 3545 621 3606 et
641 3541 760 3606 timore
782 3541 913 3630 imperii
936 3543 987 3608 tui
1009 3564 1069 3608 sus
1091 3540 1285 3607 fortitudine
1305 3540 1506 3606 roborentur.

462 3642 529 3708 Fac
543 3664 621 3730 ergo
644 3647 684 3707 nt
707 3643 779 3709 eius
801 3644 907 3731 gloria
921 3644 982 3711 fiat
1004 3644 1040 3709 in
1063 3644 1284 3731 ignominiam,
1299 3648 1334 3709 et
1355 3642 1507 3730 superbis

461 3744 603 3813 hominis
617 3749 768 3812 vertebrr
782 3746 819 3812 in
837 3746 976 3815 ruinam.
1023 3746 1130 3813 Morte
1154 3746 1342 3833 trupissima
1366 3746 1506 3834 pmoipe

461 3854 501 3916 ut
528 3849 697 3929 morietur,
735 3854 770 3916 et
805 3872 825 3917 e
861 3850 970 3915 medio
1007 3848 1215 3936 obprobrium
1247 3854 1368 3916 nostrae
1397 3848 1507 3936 gentis
1581 3858 1585 3867 '

461 3952 634 4019 auferatur.
678 3952 840 4034 Audistis,
856 3953 904 4017 mi
929 3974 998 4034 rex,
1019 3974 1092 4040 quae
1115 3952 1180 4018 tibi
1203 3956 1282 4018 sunt
1304 3951 1502 4019 necessario:

460 4060 500 4121 tu
525 4062 638 4123 autem
659 4055 804 4143 praevide
829 4075 905 4141 quae
930 4054 1024 4121 nobis
1054 4060 1089 4121 et
1110 4055 1229 4142 populo
1251 4058 1310 4121 tuo
1332 4058 1410 4119 sunt
1430 4075 1504 4141 pro·

459 4157 598 4225 firtura'’
642 4156 734 4239 Ecce,
758 4156 970 4239 dilectissimi,
994 4157 1155 4245 inpudens
1177 4162 1212 4223 et
1233 4156 1371 4245 inprobe
1385 4158 1503 4223 mulier

459 4260 518 4325 ille
540 4260 677 4327 Jezebel
701 4261 839 4348 antique
867 4260 989 4327 sanctis
1017 4259 1183 4347 prophetis
1207 4259 1271 4326 Dei
1293 4260 1503 4327 vehementer

459 4362 613 4429 inimicat
646 4386 718 4431 ecce
748 4365 784 4429 in
815 4362 924 4429 furore
946 4363 1050 4429 nimio
1081 4384 1148 4429 sure
1183 4362 1361 4449 impietatis
1382 4362 1501 4429 iterum

460 4463 651 4544 exardescit,
675 4488 750 4554 quae
771 4465 905 4534 beatum
928 4464 1061 4532 Helium
1085 4487 1106 4530 a
1127 4464 1248 4531 finibus
1271 4464 1372 4533 Israel
1392 4470 1503 4531 exter·

849 4818 1106 4889 'MJtmffl
