3542 5800
439 898 488 947 oa
508 896 626 947 unsrrs
648 894 769 945 anuuu
791 893 980 945 suun—11.
997 880 1027 957 3,
1045 880 1073 941 4.
1237 876 1280 947 57

233 1088 314 1171 quin
338 1106 451 1152 omnes
486 1108 568 1171 quos
599 1085 739 1172 potestis
768 1082 847 1149 fidei
868 1088 989 1149 vestrae
1012 1080 1179 1168 religionis
1201 1102 1284 1167 prau-

234 1188 373 1253 dieando
407 1187 566 1254 societis”
612 1187 715 1253 Dedit
738 1209 816 1275 ergo
846 1187 894 1253 eis
917 1186 1120 1253 mansionem
1144 1186 1180 1249 in
1202 1184 1284 1249 civi·
1298 1200 1454 1252 Anauros·

235 1294 304 1355 tate
319 1290 574 1371 Dorobernemsi,
602 1312 678 1377 quae
703 1290 835 1377 imperii
858 1290 911 1354 sui
936 1290 1040 1355 totius
1067 1292 1138 1354 erat
1163 1290 1283 1351 metro-
1296 1268 1453 1387 ξιᾎᾞξοξη

234 1392 326 1478 polis,
344 1392 463 1479 eisque,
486 1397 526 1458 ut
540 1392 744 1480 promiserat,
769 1414 843 1457 cum
865 1390 1153 1457 administratione
1176 1390 1283 1455 vietus
1296 1402 1407 1467 terbury.

235 1496 425 1581 temporalis
454 1495 624 1560 lieentiam
653 1516 783 1581 quoque
805 1494 1008 1582 praedicandi
1038 1516 1104 1560 non
1135 1492 1283 1559 aistuiit.

236 1596 513 1684 Appropinquans
523 1602 636 1663 autem
647 1598 857 1685 Augustinus
871 1619 946 1663 eum
962 1598 1056 1663 sociis
1072 1596 1139 1663 suis
1154 1596 1285 1661 civitati

236 1700 479 1767 Dorobernenei
510 1722 600 1767 more
633 1722 692 1765 auo
725 1723 800 1767 oum
832 1722 927 1765 eruce
949 1706 1063 1765 saneta
1085 1704 1119 1765 ut
1142 1699 1286 1785 imagine

98 1827 103 1838 ¹
235 1804 347 1890 magni
370 1804 471 1891 Rogis
494 1803 631 1869 Domini
653 1804 760 1868 nostri
776 1802 854 1868 Iesu
869 1803 1004 1881 Christi,
1029 1802 1113 1867 hano
1128 1801 1287 1867 letaniam

236 1928 377 1972 consona
397 1928 477 1973 voee
491 1901 770 1972 modulabmtur:
797 1904 1052 1993 “Depreoemur
1062 1904 1116 1982 Te,
1134 1902 1285 1981 Domine,

237 2008 272 2072 iu
300 2010 390 2073 omni
413 2009 636 2075 misericordia
657 2010 737 2085 Tua,
762 2012 802 2073 ut
824 2008 997 2073 auferatur
1027 2006 1117 2073 furor
1138 2006 1229 2071 Tuus
1252 2010 1288 2071 et

236 2113 285 2176 ira
307 2112 379 2177 Tua
408 2135 431 2178 a
456 2113 593 2179 civitate
624 2114 691 2178 ista
721 2116 757 2177 et
780 2110 821 2178 de
844 2110 942 2177 domo
965 2116 1081 2176 sancta
1102 2110 1183 2189 Tua,
1206 2131 1287 2195 quo·

237 2213 325 2279 niam
347 2216 560 2301 peccavimus.
606 2212 791 2300 Alieluya''

674 2560 755 2629 Onu.
780 2559 839 2629 IV.

237 2740 333 2824 Quod
369 2740 414 2808 iu
442 2740 527 2807 datu
554 2740 624 2807 eibi
653 2740 836 2807 maasiam
865 2748 1035 2827 ooeporouat
1065 2739 1441 2827 apostolioammarm

431 2841 626 2932 onmaitiuu
648 2840 789 2912 coemite
810 2842 921 2910 uitam
943 2842 1091 2911 imitari.

277 3055 330 3120 Ar
351 3055 410 3123 ubi
433 3053 547 3122 datam
569 3055 633 3122 sibi
655 3056 859 3122 mansionem
881 3055 1098 3135 intraverant,
1115 3061 1285 3142 coeperunt
1297 3073 1398 3126 nevout
1410 3075 1454 3128 life

235 3159 447 3245 apostolicam
477 3159 658 3247 primitivae
680 3157 823 3226 ecelesiae
846 3159 953 3226 vitam
985 3159 1131 3240 imitari;
1166 3141 1453 3261 omtio·2{)g¹¹a}¹g¹jf''

234 3261 331 3327 nibus
352 3261 507 3329 videlieet
537 3262 686 3344 assiduis,
717 3262 842 3350 vigiliis
872 3283 911 3328 ae
940 3261 1074 3328 ieiuniis
1103 3261 1284 3342 serviendo,

234 3364 371 3430 verbum
393 3364 475 3432 vitae
497 3365 616 3452 quibus
638 3365 1031 3452 poterantpraedioando,
1048 3370 1167 3432 cuneta
1188 3365 1286 3432 huius

233 3467 349 3534 mundi
372 3468 466 3533 velut
494 3468 605 3534 aliena
633 3467 824 3554 spernendo,
849 3490 889 3533 ea
915 3473 1048 3534 tantum
1080 3491 1152 3555 qum
1180 3469 1287 3535 victui

233 3569 414 3636 necessaria
435 3570 636 3636 videbantur
657 3569 700 3636 ab
725 3570 772 3636 eis
794 3593 876 3657 quos
901 3569 1062 3638 docebant
1089 3572 1285 3659 accipiendo,

233 3673 411 3738 seeundum
433 3695 472 3738 ea
494 3694 569 3758 quae
592 3671 755 3738 dooebant
777 3673 841 3760 ipsi
862 3694 922 3760 por
944 3673 1055 3739 omnia
1077 3675 1227 3754 vivendo,
1252 3681 1286 3741 ot

232 3781 387 3861 paratum
412 3775 455 3839 ud
478 3774 671 3862 patiendum
693 3775 833 3840 adversa
855 3798 993 3862 quasque
1015 3777 1069 3842 vol
1091 3778 1191 3844 etiam
1218 3799 1287 3842 mo-

233 3876 386 3942 riendum
415 3897 475 3964 pro
505 3899 546 3942 ea
576 3898 677 3963 quam
706 3877 934 3964 praedioabuut
965 3879 1107 3946 veritate
1139 3879 1286 3944 animum

233 3976 393 4045 habendo.
450 3979 539 4060 Quid
569 3982 683 4046 morai
716 3981 928 4047 erediderunt
958 3982 1110 4048 nonnulli
1141 3987 1176 4048 st
1205 3983 1287 4068 bap·

233 4081 433 4162 tizabantur,
457 4083 615 4150 mirantes
648 4082 896 4170 simplieitatem
923 4085 1107 4150 innocentis
1139 4083 1219 4152 vitae
1249 4107 1287 4150 aa

119 4195 124 4203 ’
235 4183 439 4251 duloedinem
484 4184 643 4252 doetrinae
680 4207 794 4252 eorum
831 4185 981 4254 ooelestis.
1047 4187 1130 4252 Erat
1174 4193 1286 4254 autem

234 4307 332 4374 prope
354 4288 460 4374 ipsum
480 4287 651 4355 civitatem
673 4290 717 4354 ad
739 4289 899 4356 orientem
919 4289 1052 4356 eeclesia
1074 4289 1286 4358 inhonorem

236 4391 339 4455 saneti
371 4389 512 4456 Martini
543 4392 729 4479 antiquitus
762 4394 857 4473 faeta,
892 4394 972 4460 (lum
1004 4395 1110 4460 adhue
1145 4395 1286 4460 Romani

238 4489 444 4559 Britanniam
458 4495 648 4574 incolerent,
660 4495 697 4561 in
712 4517 779 4583 qua
792 4496 928 4584 regina,1
946 4519 1045 4586 quam
1061 4497 1286 4564 Christianam

242 4676 313 4692 ω-Ἷ,

552 4809 559 4840 ¹
577 4809 674 4878 reqiau]
693 4808 782 4874 regine
797 4805 894 4872 regina,
912 4803 968 4860 MS.
