3542 5800
473 873 540 942 2⁷4
739 890 805 940 mc.
830 891 877 939 nn
898 889 1028 938 musso.
1052 887 1139 938 aruc.
1163 887 1247 937 msr.

472 1074 679 1142 AEthelberto
718 1077 808 1162 quod
844 1077 923 1142 fecit
961 1075 1124 1142 Dominus
1160 1097 1219 1162 pro
1256 1097 1290 1140 se
1327 1075 1406 1162 ipso,
1441 1093 1515 1138 cum

474 1176 625 1246 Christus
662 1183 760 1264 caput
797 1178 841 1244 sit
882 1177 1096 1258 AEthelberti‚
1135 1177 1360 1244 AEthelbertus
1403 1181 1512 1242 autem

472 1282 654 1349 membrum
680 1281 823 1369 corporis
861 1280 1010 1350 Ghristil
1064 1281 1188 1368 Fragor
1213 1281 1327 1368 itaque
1355 1285 1423 1346 tam
1446 1299 1514 1344 me·

471 1383 588 1452 tuendi
623 1384 710 1470 signi
739 1405 833 1453 aluus
862 1384 1002 1470 perculit
1031 1384 1135 1450 totius
1164 1383 1279 1470 vulgi:
1318 1383 1514 1468 iamiamque

470 1487 687 1574 praesagiebat
717 1488 941 1574 unusquisque
978 1507 1107 1554 oausam
1145 1487 1280 1552 eandem
1319 1507 1387 1552 esse
1415 1483 1516 1550 infor·

471 1589 567 1669 lunii,
593 1611 693 1675 quam
718 1595 913 1658 eventuram
937 1588 1082 1656 infausto
1108 1589 1252 1676 auspicio
1281 1592 1350 1654 tam
1376 1586 1515 1676 glorioso

472 1691 647 1758 vaticinati
682 1696 762 1758 sunt
797 1693 876 1780 regi
937 1689 1042 1760 Cuius
1078 1692 1230 1780 genetrix
1266 1691 1407 1778 gloriose
1444 1689 1517 1776 plus

472 1793 622 1861 omnibus
659 1793 824 1862 laboravit
859 1795 897 1862 in
933 1793 1061 1881 gemitu
1098 1816 1165 1872 suo,
1203 1793 1240 1858 in
1272 1793 1368 1880 gravi
1406 1792 1517 1858 dolore

472 1896 685 1984 singultuum,
723 1897 761 1962 in
796 1895 953 1965 effimione
990 1896 1208 1977 lacrimarum,
1249 1895 1286 1962 in
1323 1894 1517 1962 assiduitate

472 2000 658 2068 orationum
695 2004 890 2066 sanctarum.
953 1999 1167 2086 Prosequitur
1196 2020 1255 2064 rex
1286 1997 1358 2064 Deo
1387 1997 1516 2084 placens

471 2102 536 2169 iter
572 2104 746 2190 inceptum,
777 2102 963 2188 xenniaque
984 2101 1126 2190 plurima
1155 2123 1193 2168 ac
1221 2102 1352 2168 diversa
1381 2099 1517 2166 donaria

472 2206 569 2272 dorsa
597 2206 765 2273 substrata
800 2205 953 2272 baiulent
990 2205 1222 2284 iumentorum,
1253 2204 1396 2292 insignia
1424 2225 1517 2289 rega·

470 2309 554 2374 lium
573 2313 847 2388 ornamentorum,
869 2306 1045 2374 odoriferas
1066 2309 1186 2396 speeies
1219 2312 1412 2384 aromatum,
1432 2305 1517 2372 mul·

471 2415 542 2476 tem
567 2409 821 2497 supellectilem¹
850 2412 1066 2498 pretiosarum
1094 2412 1245 2492 vestium,
1273 2433 1348 2497 quaa
1372 2408 1517 2478 carmes

472 2518 506 2579 et
542 2535 635 2600 reges
671 2515 777 2582 solent
814 2513 932 2582 vehere
969 2535 1086 2580 secum
1141 2513 1249 2595 Quam
1282 2511 1516 2600 triumphalem

471 2615 608 2702 gloriam
639 2617 814 2703 praemittit
843 2616 1059 2682 vexillorum!
1095 2622 1219 2703 quanta
1242 2617 1294 2682 vis
1317 2617 1417 2681 etiam
1447 2636 1518 2680 suc·

474 2720 560 2784 cedit
581 2725 766 2784 armorum!
801 2719 910 2807 Magis
936 2725 1048 2785 tamen
1070 2719 1123 2784 vir
1144 2721 1261 2785 beatus
1282 2719 1399 2784 didicit
1421 2717 1457 2782 in
1479 2739 1517 2782 eo

472 2822 642 2902 confidere,
673 2845 733 2910 per
762 2844 859 2910 quem
889 2843 981 2912 reges
1010 2826 1160 2911 regnant,
1197 2845 1296 2912 quam
1326 2822 1363 2886 in
1392 2826 1518 2886 armata

471 2927 634 2992 exercitus
669 2927 729 3004 sui,
769 2927 828 3013 qui
859 2948 935 2992 cum
969 2932 1066 2993 tanta
1103 2926 1287 3013 frequentia
1324 2926 1517 2993 couritantes

471 3029 736 3096 obambulabant.

529 3378 778 3450 Commo,
832 3376 883 3445 Dc
914 3400 949 3445 eo
983 3376 1075 3467 qood
1104 3374 1153 3445 eol
1182 3376 1379 3446 obsecratus
1407 3383 1461 3457 est,

626 3489 655 3547 ct
680 3487 797 3551 moreto
817 3479 1015 3552 adthelmus
1041 3480 1114 3549 dies
1141 3480 1280 3549 reddito
1305 3488 1360 3550 cst.

304 3705 452 3774 Amul„
519 3683 637 3749 Aaron
659 3704 789 3769 quoque
818 3684 947 3771 signum
970 3682 1117 3751 mirabile
1140 3682 1203 3749 eibi
1225 3683 1328 3751 fertur
1357 3684 1506 3751 decidisse

306 3774 337 3821 ⁰f
350 3775 460 3828 ‘hem
474 3787 562 3872 quod
595 3807 800 3873 nequaquam
834 3787 989 3853 debemus
1023 3787 1279 3874 praetermittere,
1312 3787 1412 3855 immo
1441 3788 1518 3857 scri-

472 3889 580 3956 bendo
604 3894 638 3955 et
658 3888 796 3977 legendo
828 3889 1010 3976 glorificare
1033 3888 1150 3967 Deum,
1185 3890 1242 3976 qui
1264 3896 1298 3957 et
1320 3890 1356 3959 in
1377 3891 1450 3959 vita
1482 3898 1517 3959 et

472 3998 547 4081 post
578 3993 744 4060 devictum
767 3992 1071 4081 triumphatumque
1101 3993 1254 4059 saeoulum
1276 3993 1377 4081 signis
1400 4000 1434 4061 et
1456 3996 1516 4059 mi·

473 4096 591 4163 reculis
623 4094 813 4165 coruscare²
846 4095 927 4161 facit
964 4094 1098 4163 beatum
1136 4117 1245 4185 regem
1267 4102 1301 4163 et
1337 4102 1516 4184 martyrem

472 4200 720 4265 AEthelbertum
765 4198 924 4285 Tempore
963 4198 1084 4277 eodem,
1121 4220 1195 4267 cum
1225 4198 1355 4267 claritas
1377 4200 1517 4268 iocunde

472 4302 547 4367 solis
580 4300 712 4369 exorti⁸
732 4302 882 4391 pervium
917 4323 975 4369 suo
1009 4301 1180 4389 splendore
1217 4303 1302 4391 regis
1338 4302 1516 4371 illustrarat

473 4404 660 4483 exercitum,
700 4410 734 4474 et
766 4405 852 4471 diem
884 4404 920 4471 in
951 4405 1077 4473 virtute
1115 4427 1174 4473 sua
1210 4406 1349 4475 candore
1385 4406 1517 4473 insolito

507 4720 708 4792 'mpellcctilenj
773 4724 975 4789 suppellectilem,
1050 4721 1211 4791 ²coruecare]
1226 4722 1382 4788 choruscare,
1393 4722 1449 4777 MS.

473 4799 530 4856 ΜΒ.
1053 4804 1163 4871 ἀστὴ]
1175 4803 1350 4871 adonidis.
