3542 5800
466 860 532 927 122
730 874 796 925 nro.
819 874 866 925 aa
889 874 1023 925 cinara.
1046 872 1135 925 erac.
1159 874 1259 927 mer..
1314 922 1317 927 .

295 1080 424 1141 Paulinus,
465 1060 619 1126 Oawaldo
641 1060 874 1147 perficiendum
904 1059 1046 1147 reliquit.
1093 1060 1252 1125 Paulinus
1276 1063 1386 1126 autem
1410 1081 1453 1125 ex
1478 1080 1516 1125 eo

295 1148 446 1275 ffle
464 1168 610 1249 tempore
639 1185 699 1229 sex
728 1164 823 1228 anna
853 1163 1025 1241 continuis,
1056 1163 1093 1227 n
1122 1168 1182 1243 aa,
1208 1164 1251 1227 aa
1280 1163 1381 1227 finem
1410 1182 1515 1246 usque

295 1282 384 1331 makes
464 1265 594 1351 imperii
620 1266 705 1352 regis
731 1265 829 1342 illius,
857 1266 996 1331 verbum
1021 1264 1092 1341 Dei,
1118 1269 1286 1331 annuente
1315 1286 1353 1331 aa
1382 1264 1516 1331 favente

295 1361 445 1465 ΨΜ·
466 1368 544 1454 ipso,
583 1369 620 1431 in
656 1390 697 1433 ea
732 1367 903 1456 provincia
940 1368 1163 1455 praedicabat:
1202 1367 1445 1453 credebantque
1484 1369 1518 1430 et

465 1470 719 1555 baptizabantur
756 1475 919 1555 quotquot
956 1476 1050 1547 erant
1087 1469 1300 1557 praeordinati
1337 1470 1380 1535 ad
1409 1468 1515 1535 vitam

464 1578 640 1652 aeternam;
678 1573 714 1637 in
744 1573 863 1658 quibus
890 1577 984 1637 erant
1016 1571 1166 1637 Oafridns
1196 1576 1231 1636 et
1261 1570 1418 1636 Edfridua
1455 1570 1516 1635 filii

463 1675 548 1761 regie
574 1674 715 1750 Edwini,
749 1674 807 1760 qui
832 1674 930 1739 ambo
957 1674 988 1739 ei
1014 1674 1105 1739 exuli
1130 1673 1202 1739 nati
1232 1678 1311 1739 aunt
1337 1673 1378 1739 de
1406 1672 1516 1753 Quen-

463 1777 568 1863 bnrga
589 1777 659 1842 filia
686 1776 774 1843 Gerli
795 1778 882 1863 regis
906 1776 1111 1842 Meroiorum.

508 1880 676 1966 Baptizati
697 1885 776 1945 eunt
798 1884 945 1965 ternpore
967 1884 1124 1963 sequente
1138 1884 1173 1943 et
1194 1878 1252 1943 alii
1274 1878 1369 1943 liberi
1383 1878 1455 1943 eius
1475 1878 1516 1943 de

464 1983 681 2069 AEthelburga
701 1982 816 2069 regina
842 1982 1014 2069 progeniti,
1032 1980 1253 2047 AEthelhimua
1280 1984 1315 2045 et
1336 1979 1516 2045 AEtheldri-

462 2086 523 2151 tha
535 2086 605 2151 filia
619 2093 654 2152 et
674 2086 758 2151 alter
772 2084 860 2149 filius
875 2084 996 2161 Vlfiea‚
1012 2105 1152 2168 quorum
1177 2082 1276 2169 primi
1290 2083 1398 2149 adhue
1411 2082 1517 2147 albati

463 2188 552 2272 rapti
573 2192 652 2253 eunt
682 2188 722 2253 de
748 2187 811 2253 hoo
835 2186 916 2265 vita,
944 2192 979 2251 et
1002 2186 1142 2251 Eboraoi
1171 2186 1208 2249 in
1231 2186 1365 2251 ecelesia
1387 2186 1516 2273 sepulti.

464 2289 658 2375 Baptizatua
672 2294 723 2354 eat
746 2294 781 2353 et
803 2288 871 2353 Yffi
897 2288 985 2353 filius
1010 2288 1141 2364 Oefridi
1168 2287 1225 2353 sed
1249 2292 1284 2353 et
1309 2288 1367 2353 alii
1388 2288 1515 2353 nobiles

462 2414 501 2456 ao
529 2390 613 2476 regii
641 2390 707 2454 viri
735 2412 803 2455 non
838 2392 942 2477 pauci
988 2389 1114 2455 Tantus
1150 2395 1263 2455 autem
1299 2388 1405 2455 fertur
1437 2394 1516 2455 tuno

462 2493 561 2558 fuisse
584 2492 694 2557 fervor
717 2492 794 2557 fidei
819 2512 858 2557 ae
875 2492 1073 2559 desiderium
1096 2491 1218 2557 lavacri
1242 2490 1395 2557 salutaris
1424 2492 1516 2579 genti

463 2596 497 2660 N
499 2595 772 2673 orthumbrorum,
796 2601 836 2660 ut
858 2595 1002 2680 quodam
1028 2600 1175 2681 tempore
1198 2594 1356 2659 Paulinus
1377 2594 1515 2661 veniens

463 2721 538 2765 oum
567 2720 643 2785 rege
673 2702 708 2763 et
736 2698 852 2783 regim
876 2698 913 2761 in
943 2698 1056 2762 villam
1086 2697 1211 2783 regiam
1241 2718 1314 2782 quae
1336 2696 1515 2763 vocabatur

462 2802 632 2888 Adgefrin,
659 2800 799 2887 triginta
824 2822 882 2865 aex
914 2799 1028 2865 diebus
1052 2798 1176 2865 ibidem
1203 2821 1275 2864 oum
1304 2800 1350 2865 eia
1374 2800 1515 2865 eateehi·

463 2905 561 2971 randi
586 2910 621 2971 et
646 2903 838 2990 baptizandi
868 2901 972 2969 officio
1000 2903 1131 2968 deditus
1156 2909 1361 2968 moraretur:
1395 2902 1515 2988 quibus

462 3011 578 3076 diebus
603 3008 728 3074 eunetis
753 3029 775 3072 a
798 3028 896 3070 mane
922 3027 1025 3091 usque
1051 3006 1094 3070 ad
1121 3027 1287 3091 vesperam
1314 3006 1398 3072 nibil
1424 3006 1514 3072 aliud

462 3119 581 3200 ageret,
598 3133 697 3197 quam
721 3109 940 3176 confluentem
964 3129 1002 3174 eo
1028 3109 1069 3174 de
1084 3109 1209 3174 cunctis
1234 3109 1351 3174 viculis
1375 3131 1413 3174 ao
1436 3109 1515 3176 looia

461 3217 591 3303 plebem
607 3213 732 3280 Christi
745 3213 848 3278 verbo
870 3211 986 3277 salutis
1008 3211 1178 3288 instruere,
1202 3216 1303 3297 atque
1317 3212 1513 3278 inserueram

462 3318 499 3382 in
521 3317 625 3381 fluvio
649 3315 754 3390 Gleni,
781 3315 839 3399 qui
864 3313 1033 3399 proximus
1060 3319 1138 3390 erat,
1162 3313 1292 3378 lavaero
1315 3315 1514 3380 remissionis

463 3419 602 3482 abluere.
649 3416 732 3482 Haeo
746 3416 827 3480 villa
848 3420 994 3500 tempore
1016 3414 1225 3499 sequentium
1247 3435 1361 3502 regum
1377 3417 1511 3494 dosera,

462 3525 497 3584 et
520 3515 628 3604 [alia]¹
645 3538 706 3603 pro
720 3517 778 3581 illa
792 3523 843 3582 eet
864 3517 953 3582 faeta
976 3517 1012 3580 in
1035 3517 1104 3582 loeo
1125 3518 1183 3602 qui
1201 3521 1338 3583 vocatur
1353 3519 1511 3584 Makmin

464 3619 547 3686 Haeo
581 3618 714 3703 quidem
748 3623 799 3684 eet
830 3619 868 3682 in
902 3618 1070 3705 provincia
1104 3619 1348 3699 Bernioiorum3
1386 3622 1443 3686 aed
1478 3626 1514 3686 et

463 3723 499 3787 in
538 3720 707 3808 provincia
755 3720 939 3798 Deirorum‚
982 3721 1040 3784 ubi
1090 3721 1210 3806 saepius
1256 3743 1388 3788 manere
1437 3743 1511 3788 oum

462 3847 538 3912 rege
585 3823 720 3902 solebat,
766 3823 960 3910 baptizabat
997 3822 1032 3886 in
1081 3822 1184 3888 fluvio
1235 3822 1405 3901 Swalawa,
1453 3823 1511 3909 qui

462 3927 573 3993 vioum
597 3925 805 3992 Oataraotam
832 3923 1033 4011 praeterfluit.
1080 3923 1158 3990 Non
1181 3925 1270 3989 enim
1293 3927 1436 3992 oratoria
1458 3925 1512 3990 vel

462 4029 655 4116 baptisteria
698 4029 736 4092 in
780 4029 850 4113 ipso
901 4025 1035 4092 exordio
1080 4027 1243 4092 nascentis
1287 4027 1334 4094 ibi
1372 4027 1512 4094 eooleeiae

461 4137 616 4217 poterant
652 4129 817 4196 aedifioarr'.
873 4127 1034 4192 Attamen
1071 4129 1107 4194 in
1146 4127 1270 4215 (lampa
1308 4129 1413 4208 Dono,
1453 4129 1513 4196 ubi

461 4238 542 4297 tuno
580 4232 680 4296 etiam
721 4231 802 4294 villa
838 4230 929 4316 regia
963 4234 1040 4303 erat,
1081 4230 1159 4296 feeit
1195 4230 1371 4310 basilicam,
1413 4253 1511 4317 quam

462 4332 671 4419 postmodum
708 4331 830 4417 pagani
877 4354 898 4394 a
928 4331 1047 4417 quibua
1097 4330 1256 4396 Edwinus
1293 4354 1352 4398 rex
1390 4335 1514 4399 occisus

462 4441 520 4513 eat,
558 4455 633 4497 oum
677 4437 749 4498 tota
786 4433 899 4498 eadem
937 4433 1019 4497 villa
1055 4435 1310 4501 suooenderunt:
1350 4457 1409 4522 pro
1447 4457 1513 4520 qua

483 4651 515 4658 ...
529 4651 704 4658 ..---..
711 4651 715 4656 .
722 4651 771 4657 -,
1224 4651 1500 4668 -.-..-.-..--.τ.

715 4771 723 4804 ¹
734 4773 800 4840 alia]
813 4789 862 4824 om
874 4774 930 4842 MS.
964 4775 1015 4826 But
1025 4789 1065 4825 see
1076 4774 1137 4826 Bee
1149 4775 1174 4824 ii.
1190 4781 1227 4827 1⁴.
1483 4821 1490 4830 .
