3542 5800
458 891 501 962 74
720 913 783 961 nro.
816 913 863 962 na
893 913 1024 966 crasse.
1056 913 1143 964 srnc.
1175 915 1264 965 nrsr.

459 1099 498 1158 ut
533 1095 582 1158 ita
614 1096 761 1174 dixerim,
797 1100 947 1186 cajativus
984 1107 1019 1166 et
1057 1100 1140 1165 liber
1152 1127 1160 1180 ;
1197 1101 1283 1166 liber
1312 1123 1354 1165 ex
1385 1101 1520 1166 iustitia

459 1219 558 1282 quam
593 1199 710 1286 diligit,
750 1203 900 1288 captivus
937 1227 980 1270 ex
1017 1204 1236 1271 delectatione
1269 1227 1368 1290 quam
1406 1209 1519 1291 portat

458 1300 610 1366 invitus.'’

897 1767 976 1833 CAP.
1001 1769 1078 1833 VII.

517 1955 615 2038 Quod
638 1955 752 2023 teclae
778 1956 961 2042 Gregorius
986 1957 1086 2024 misit
1112 1956 1290 2044 epistolem
1314 1956 1464 2043 Virgilio

895 2083 1055 2148 eprscopo.

507 2249 705 2325 HucusQUu
727 2252 951 2338 responsiones
973 2252 1062 2318 beati
1085 2275 1180 2340 papae
1202 2251 1352 2339 Gregorii
1374 2249 1418 2316 ad
1440 2271 1515 2315 con-

462 2353 549 2417 sultu
582 2355 838 2419 reverentissimi
883 2357 1048 2421 antistitis
1078 2356 1270 2443 Augustini.
1331 2355 1514 2442 Epistolam

461 2477 540 2520 vero
563 2479 662 2542 quam
685 2479 718 2522 se
741 2458 928 2524 Arelatensi
953 2458 1102 2546 episcopo
1125 2457 1237 2524 fecisse
1260 2457 1515 2532 commemorat,¹

462 2560 505 2624 ad
531 2559 707 2646 Virgilium
735 2561 864 2626 Etherii
894 2584 1108 2628 successorem
1133 2563 1276 2628 dederat.
1318 2561 1421 2628 Cuius
1446 2561 1515 2626 haec

462 2663 567 2726 forma
589 2667 655 2728 est:

292 2765 418 2817 Letterof
509 2772 526 2800 “
543 2765 819 2834 Reverentissimo
835 2773 868 2835 et
891 2767 1094 2835 sanctissimo
1117 2767 1214 2834 fratri
1230 2767 1371 2856 Virgilio
1395 2767 1515 2854 coepis-

292 2834 438 2966 magre-
463 2891 540 2958 copo
580 2871 757 2957 Gregorius
795 2895 908 2938 sertus
945 2895 1114 2939 seruorum
1154 2871 1225 2939 Dei.
1280 2872 1433 2953 Quantus
1471 2871 1515 2936 sit

292 2968 422 3086 dlliss'or
462 2974 599 3039 affectus
620 2976 830 3041 venientibus
864 2982 980 3063 sponte
1013 2976 1170 3042 fratribus
1202 2976 1448 3063 impendendus,
1472 2996 1514 3039 ex

293 3052 381 3153 Adel.)
464 3100 501 3142 eo
542 3078 630 3163 quod
667 3079 858 3166 plerumque
897 3080 1003 3145 solent
1045 3078 1194 3145 caritatis
1232 3100 1330 3144 eausa
1366 3076 1513 3153 invitari,

294 3193 443 3275 commanus
463 3182 672 3267 cognoscitur.
734 3182 779 3248 Et
809 3183 882 3248 ideo
918 3184 945 3247 si
984 3205 1188 3248 communem
1219 3180 1354 3247 fratrem
1384 3181 1515 3268 Augus-

292 3261 448 3381 ssuffiffg
464 3285 571 3349 tinum
603 3285 792 3371 episcopum
819 3287 862 3350 ad
891 3307 951 3351 vos
980 3286 1094 3351 venire
1124 3284 1308 3372 contigerit,
1340 3284 1390 3349 ita
1419 3284 1512 3349 illum

463 3388 593 3452 dilectio
618 3394 736 3465 vestra,
764 3389 849 3454 sicut
880 3388 983 3471 decet,
1011 3390 1185 3455 affectuose
1215 3387 1418 3474 dulciterque
1443 3410 1514 3452 sus-

463 3490 571 3575 cipiat,
590 3494 630 3555 ut
657 3497 689 3555 et
714 3491 823 3577 ipsum
847 3492 1077 3557 consolationis
1101 3514 1169 3557 suae
1195 3491 1281 3556 bono
1307 3490 1463 3571 refoveat,
1479 3496 1514 3555 et

462 3594 542 3658 alios
585 3616 721 3679 quoque,
762 3594 903 3679 qualiter
944 3596 1090 3660 fraterna
1133 3594 1252 3659 caritas
1289 3594 1424 3659 colenda
1460 3594 1513 3672 sit,

463 3696 582 3761 doceat.
645 3696 690 3762 Et
720 3698 875 3782 quoniam
902 3699 1021 3785 saepius
1051 3698 1170 3775 evenit,
1202 3703 1243 3761 ut
1272 3694 1308 3759 lri
1330 3697 1388 3781 qui
1417 3696 1513 3782 longe

462 3806 540 3865 sunt
567 3800 675 3887 positi,
700 3802 789 3888 prius
812 3801 855 3867 ab
878 3800 952 3866 aliis
975 3824 1050 3888 quae
1081 3806 1160 3866 sunt
1191 3798 1419 3877 emendanda,2
1441 3820 1514 3885 eog-

462 3910 617 3971 noscant:
658 3905 685 3969 si
710 3928 791 3991 quas
820 3906 957 3971 fortasse
983 3902 1186 3970 fraternitati
1218 3908 1338 3969 vestrae
1369 3902 1514 3967 sacerdo-

462 4013 534 4073 tum
565 4008 618 4073 vel
649 4009 788 4075 aliorum
819 4010 931 4096 culpas
969 4006 1128 4085 intulerit,
1160 4029 1228 4072 una
1258 4028 1333 4072 eum
1366 4028 1406 4071 eo
1436 4005 1514 4069 resi·

463 4112 577 4177 dentes
601 4112 714 4177 subtili
746 4118 864 4177 cuncta
893 4111 1148 4198 investigatione
1178 4110 1367 4198 perquirite,
1400 4113 1434 4173 et
1465 4108 1515 4172 ite

463 4236 521 4278 vos
560 4215 595 4277 in
634 4238 672 4280 ea
706 4238 780 4301 qum
819 4215 927 4280 Deum
967 4216 1140 4280 offendunt
1175 4217 1209 4277 et
1240 4214 1282 4277 ad
1310 4210 1514 4277 iracundiam

461 4322 641 4403 provocant
672 4318 836 4383 districtos
868 4341 906 4383 ac
932 4318 1075 4383 solicitos
1106 4316 1268 4393 exhibete,
1300 4320 1341 4380 ut
1367 4314 1410 4379 ad
1433 4311 1515 4378 alio·

462 4443 534 4485 rum
566 4421 828 4487 emendationem
860 4426 894 4486 et
923 4421 1071 4486 vindicta
1099 4419 1294 4506 culpabilem
1333 4416 1440 4494 feriat,
1480 4422 1515 4481 et

972 4782 979 4901 Ι
1045 4768 1514 4840 ²‹1uae-emendendanuaruntquoe

973 4903 977 4916 ,
1012 4858 1173 4918 emendanda,
1184 4854 1241 4908 MS.
