3542 5800
439 831 503 895 148
705 845 770 897 mo
795 848 841 897 nr
863 848 995 898 omnus.
1019 848 1106 897 suno.
1131 848 1218 901 mer.

438 1050 459 1093 a
489 1050 554 1113 quo
580 1050 647 1095 non
677 1030 774 1116 longe
804 1037 839 1096 et
869 1031 927 1095 illa
948 1030 1184 1097 monasterium
1208 1026 1357 1093 babebat
1405 1022 1491 1089 Cum

437 1150 515 1217 ergo
543 1132 679 1197 veniens
708 1132 765 1198 illo
795 1134 983 1219 loqueretur
1015 1156 1090 1199 cum
1121 1132 1243 1219 regina,
1272 1136 1373 1215 atque
1402 1127 1491 1191 inter

436 1232 510 1311 clia,
535 1254 682 1299 sermone
704 1241 820 1301 exorto
846 1236 887 1300 de
914 1236 1076 1312 Oswald0,
1102 1235 1223 1300 diceret
1246 1231 1334 1319 quod
1363 1235 1398 1294 et
1419 1229 1491 1315 ipsa

435 1334 541 1401 lucem
565 1342 661 1401 nocte
681 1359 782 1424 supro
803 1338 956 1424 reliquias
979 1338 1050 1403 eius
1072 1338 1114 1403 ad
1136 1338 1255 1401 coelum
1270 1354 1374 1419 usque
1387 1331 1489 1395 altam

436 1436 580 1514 vidisset,
611 1438 732 1504 adiecit
762 1440 875 1527 regina
897 1440 975 1525 quia
1005 1440 1046 1505 de
1076 1438 1211 1527 pulvere
1240 1434 1422 1523 pavimenti
1454 1433 1489 1497 in

435 1560 501 1624 quo
531 1562 618 1626 aqua
645 1540 769 1606 lavacri
797 1542 887 1607 illius
917 1541 1020 1607 effusa
1057 1546 1115 1621 est,
1146 1538 1245 1606 multi
1278 1538 1346 1603 iam
1382 1534 1490 1602 sanati

434 1646 544 1706 essent
573 1640 703 1707 infirmi,
750 1644 798 1709 At
831 1642 891 1708 illa
922 1643 1019 1730 petiit
1045 1643 1109 1708 sibi
1135 1642 1319 1730 portionem
1341 1637 1488 1726 pulveris

434 1744 595 1810 salutiferi
617 1745 715 1827 dari3
737 1751 772 1811 et
798 1746 967 1833 accipiens,
988 1745 1023 1811 in
1050 1767 1160 1831 panno
1180 1744 1319 1832 ligatum
1340 1740 1489 1807 condidit

434 1845 470 1911 in
500 1847 645 1935 capsella
680 1853 716 1913 et
751 1848 858 1913 rediit
920 1848 1097 1913 'liansaoto
1127 1852 1238 1913 autem
1261 1850 1408 1932 tempore
1430 1842 1489 1909 sli-

434 1954 569 2035 quanto,
588 1972 663 2016 cum
690 1955 774 2016 esset
795 1951 832 2015 in
854 1971 914 2015 suo
929 1950 1136 2031 monasterio,
1151 1949 1245 2015 venit
1264 1948 1331 2013 illic
1353 1946 1487 2033 quidam

432 2048 557 2138 hospes,
581 2053 640 2139 qui
666 2051 793 2117 solebat
815 2052 984 2117 nocturnis
1015 2052 1135 2139 saepius
1168 2051 1257 2116 boris
1279 2053 1414 2136 repente
1444 2048 1487 2112 ab

432 2151 592 2219 inmundo
617 2155 738 2241 spiritu
760 2154 954 2242 gravissime
979 2154 1102 2219 vexari.
1150 2152 1216 2234 Qui
1246 2174 1320 2219 oum
1346 2151 1487 2237 benigne

433 2258 600 2341 susceptus
621 2262 697 2343 post
718 2278 846 2323 coenam
866 2257 1007 2323 inlecto
1030 2256 1177 2322 membra
1191 2254 1360 2343 posmsset,
1376 2253 1487 2320 subito

431 2378 454 2421 a
468 2357 599 2423 diabolo
621 2367 779 2445 arreptus,
797 2360 947 2441 clamare,
972 2359 1126 2425 dentibus
1145 2357 1303 2436 frendere,
1325 2376 1485 2443 spumare,

431 2464 466 2524 et
490 2460 629 2525 diversis
654 2460 800 2527 motibus
825 2462 926 2549 coepit
952 2461 1099 2527 membra
1128 2464 1288 2547 torquere.
1335 2458 1486 2545 Cumque

431 2582 454 2625 a
466 2561 557 2626 nullo
571 2562 626 2627 vel
640 2562 747 2629 teneri
768 2563 823 2628 vel
847 2563 944 2650 ligari
966 2562 1134 2649 potuisset,
1159 2562 1304 2628 cucurrit
1325 2560 1484 2639 minister,

431 2668 467 2729 et
503 2662 638 2750 pulsans
667 2666 719 2752 'ad
745 2663 890 2744 ostium,¹
921 2665 1092 2732 nuntiavit
1118 2664 1300 2731 abbaussa
1345 2662 1395 2728 At
1428 2661 1485 2727 illa

430 2766 579 2853 aperiens
598 2767 733 2833 ianuam
754 2767 953 2845 monasterii,
974 2767 1080 2833 exivit
1101 2766 1173 2854 ipsa
1188 2788 1262 2832 cum
1280 2787 1349 2831 una
1365 2765 1485 2831 sancti-

429 2868 622 2936 monialium
651 2870 848 2937 feminarum
871 2870 915 2936 ad
945 2871 1052 2937 locum
1082 2870 1252 2950 virorum3
1289 2873 1325 2936 et
1346 2888 1484 2935 evocans

429 2973 667 3060 presbyterum,
695 2975 826 3061 rogavit
849 2995 958 3038 secum
979 2973 1092 3040 venire
1116 2973 1159 3039 ed
1179 2972 1367 3060 potientem
1414 2970 1484 3037 Ubi

429 3097 504 3140 cum
528 3076 697 3142 venientes
722 3075 875 3142 viderent
909 3076 1030 3142 multos
1067 3076 1198 3142 affuisse
1231 3073 1289 3160 qui
1326 3080 1483 3140 vexatum

429 3183 542 3244 tenere
557 3184 592 3244 et
605 3185 715 3243 motus
737 3179 808 3244 eius
830 3177 962 3244 insanos
984 3179 1195 3265 comprimere
1221 3177 1339 3255 conati,
1363 3199 1486 3264 nequa·

429 3301 530 3366 quam
544 3282 702 3361 valerent,
718 3280 848 3346 dicebat
868 3279 1040 3367 presbyter
1063 3281 1266 3362 exorcismos,
1290 3285 1325 3346 et
1346 3299 1485 3366 quaequc

429 3388 560 3468 poterat
591 3405 650 3469 pro
683 3383 828 3448 sedando
861 3383 973 3448 miseri
1006 3381 1114 3448 furore
1152 3382 1279 3470 agebat
1325 3381 1390 3448 Sed
1424 3403 1485 3447 nec

429 3485 508 3571 ipse,
548 3485 699 3571 quamvis
736 3485 889 3551 laborans
926 3485 1077 3562 multum,
1109 3485 1263 3571 proficere
1308 3485 1483 3571 quicquam

429 3585 570 3651 valebat
617 3586 767 3671 Cumque
804 3588 853 3651 nil
890 3587 1006 3653 salutis
1043 3587 1166 3652 furenti
1197 3609 1361 3675 superesse
1392 3587 1484 3652 vidc-

429 3693 529 3765 retur‚
569 3693 711 3777 repente,
741 3691 835 3754 venit
866 3689 903 3752 in
934 3695 1045 3756 mente
1080 3690 1255 3756 abbatissae
1285 3689 1396 3778 pulvis
1426 3690 1482 3756 ille

428 3791 592 3879 praefatus,
615 3792 793 3877 statimque
816 3791 913 3856 iussit
942 3793 990 3858 ire
1019 3793 1212 3871 ministram,
1244 3799 1279 3858 et
1308 3793 1481 3879 capsellam

352 3974 358 3988 ·
427 3896 464 3962 in
478 3917 545 3982 qua
558 3895 646 3961 idern
660 3895 769 3982 pulvis
784 3899 863 3971 erat,
887 3894 1053 3960 adducere
1100 3895 1240 3961 Etcum
1264 3895 1322 3960 illo
1343 3895 1483 3960 afferens

428 4020 503 4084 quae
518 3999 607 4066 iussa
621 4003 680 4075 eet,
696 3997 838 4062 intraret
851 3997 975 4061 atrium
996 3998 1120 4076 domus,
1145 3997 1180 4062 in
1203 3997 1295 4062 ouius
1317 3996 1483 4063 interiori·

427 4101 491 4167 bus
520 4101 738 4168 daemoniosus
766 4099 995 4185 torquebatur,
1022 4100 1180 4165 conticuit
1210 4099 1266 4165 ille
1295 4099 1414 4178 subito,
1446 4105 1482 4166 et

427 4204 522 4289 quasi
551 4205 588 4269 in
611 4224 763 4270 somnum
792 4203 926 4268 brutus
951 4201 1101 4290 deposuit
1131 4207 1238 4290 caput,
1267 4200 1415 4267 membra
1444 4203 1482 4266 in

426 4304 571 4394 quietem
600 4305 711 4370 omnia
739 4305 929 4391 composuit
975 4304 1169 4372 Conticuere
1203 4321 1314 4370 omnes
1345 4303 1483 4371 intenti-

428 4429 493 4493 que
519 4427 577 4471 ora
609 4405 793 4483 tenebant’
815 4429 914 4492 quem
944 4428 996 4473 ree
1026 4408 1153 4472 exitum
1183 4407 1320 4474 baberet
1349 4407 1481 4486 solliciti

1271 4633 1472 4644 ..----.-.....

459 4769 469 4802 ¹
488 4765 597 4834 mrim]
616 4765 734 4831 bostium,
747 4765 803 4818 Me
1000 4765 1095 4832 'viru
1107 4765 1168 4818 AEn.
1180 4766 1207 4820 il.
1222 4771 1244 4820 l.
