3542 5800
496 866 558 929 lle
758 877 823 928 erc.
846 879 894 928 nn
916 879 1052 930 cremo.
1074 879 1165 930 srsc.
1188 879 1276 930 uter.

495 1065 593 1130 morti
616 1066 737 1132 tredet.
785 1066 858 1148 Quo
892 1068 981 1133 enim
1003 1089 1092 1134 nune
1113 1067 1248 1155 fugiam,
1272 1067 1331 1154 qui
1353 1088 1412 1154 per
1433 1086 1550 1132 omnes

494 1168 678 1233 Brits-nniee
728 1169 914 1255 provincias
969 1175 1022 1235 tot
1077 1191 1240 1236 nnnorum
1294 1176 1547 1256 temporumque

493 1270 662 1336 curriculis
699 1271 919 1358 vagabundus
965 1272 1111 1338 hostium
1157 1273 1307 1337 vitabam
1352 1272 1515 1336 insidinst
1529 1270 1548 1295 ”

492 1371 646 1438 Abeunte
673 1371 777 1460 igitur
813 1375 926 1453 emico,
956 1375 1115 1440 remansit
1146 1374 1307 1439 Edwinus
1337 1374 1425 1439 solus
1456 1372 1545 1447 foris,

491 1472 699 1561 residensque
730 1481 864 1542 maestus
887 1481 964 1540 ente
986 1475 1156 1561 petatium,
1178 1475 1295 1540 multis
1325 1475 1427 1561 coepit
1457 1474 1547 1560 eogi-

492 1575 656 1640 tetionum
695 1577 841 1643 aestubus
878 1575 973 1659 effici,
1004 1577 1085 1664 quid
1122 1582 1243 1663 egeret,
1281 1599 1389 1663 quove
1425 1576 1544 1662 pedem

492 1681 644 1756 verteret,
666 1679 801 1745 nescius

323 1794 413 1846 Ferre
426 1809 478 1878 see
537 1779 688 1868 Cumque
711 1781 770 1847 diu
791 1781 903 1846 tacitis
935 1779 1058 1846 mentis
1087 1781 1265 1868 angoribus
1294 1784 1330 1844 et
1359 1801 1444 1846 eoeoo
1474 1799 1546 1845 eer-

322 1877 479 1990 fflffih
492 1887 624 1968 peretur
654 1883 732 1969 igni,
763 1883 852 1948 vidit
881 1882 993 1948 subito
1022 1883 1230 1969 intempestae
1267 1883 1373 1948 noctis
1384 1882 1545 2049 bsilentio

339 1995 443 2046 rumices
617 1985 624 2000 ⁸
775 1985 922 2048 m'i
1048 1987 1135 2048 'm
1226 1985 1241 2048 l
1342 1984 1437 2048 hit
1502 2006 1543 2049 ue

321 1989 801 2180 iste,.iiiii1³iiuiiim
832 1984 1226 2173 dissidiis&
1240 1990 1295 2152 ii
1323 2006 1542 2174 dett,

320 2195 440 2272 optento
492 2211 562 2255 non
592 2211 709 2276 perum
740 2189 882 2276 expavit.
929 2188 978 2253 At
1007 2187 1064 2254 ille
1090 2189 1243 2254 secedens
1269 2189 1428 2254 selutsvit
1455 2211 1543 2268 eum,

319 2257 478 2377 pfflcppptry
492 2296 526 2357 et
555 2291 781 2378 interrogavit,
813 2312 917 2378 quere
945 2291 1005 2355 ille
1034 2291 1122 2367 hore,
1153 2292 1268 2357 ceteris
1299 2291 1543 2377 quiescentibus

319 2391 461 2510 bihih‘m
491 2397 526 2458 et
556 2393 623 2458 elto
654 2413 767 2479 sopore
798 2393 926 2479 pressis,
959 2392 1047 2458 solus
1084 2393 1153 2480 ipse
1186 2398 1321 2459 meestus
1357 2393 1394 2458 in
1431 2393 1542 2480 lepide

319 2467 362 2509 ²⁰
402 2474 469 2512 ¹⁰³²·
488 2495 630 2581 perege
652 2494 785 2560 essee
830 2494 879 2559 Ae
901 2495 957 2560 rue
976 2495 1121 2560 essem
1142 2494 1541 2582 sescenisnummis

488 2619 564 2662 eum
601 2597 788 2683 pertineret,
820 2601 934 2662 utrum
971 2595 1041 2683 ipse
1079 2597 1171 2662 intus
1204 2619 1249 2662 en
1291 2597 1371 2663 foris
1407 2603 1540 2663 noctem

486 2699 690 2786 transigeret
752 2698 819 2780 Qui
851 2698 1052 2785 respondens
1082 2699 1153 2764 eit:
1194 2709 1211 2736 ‘⁴
1227 2699 1283 2765 Ne
1313 2721 1365 2765 me
1396 2701 1541 2766 aestimes

488 2807 558 2867 tuse
590 2800 754 2867 maestitiae
787 2805 823 2866 et
856 2801 1101 2879 insomniorum,
1125 2807 1161 2866 et
1193 2800 1361 2868 forinseeae
1393 2823 1432 2867 ec
1465 2801 1542 2867 soli-

485 2904 578 2969 terise
610 2904 761 2969 sessionis
795 2924 927 2969 oensem
957 2905 1104 2969 nescire:
1139 2904 1206 2970 scio
1237 2906 1326 2970 enim
1357 2906 1539 2971 certissime

485 3007 558 3093 quis
596 3028 638 3086 es,
671 3011 706 3072 et
743 3028 844 3092 quere
881 3027 1005 3083 meres,
1040 3011 1076 3071 et
1112 3028 1187 3092 quae
1220 3012 1363 3073 venture
1400 3006 1464 3071 tibi
1501 3008 1538 3072 in

484 3110 635 3196 proximo
684 3108 770 3173 mele
815 3108 980 3173 formides
1049 3106 1116 3173 Sed
1165 3107 1267 3174 dicito
1313 3109 1405 3185 mihi,
1457 3109 1538 3196 quid

484 3212 641 3277 mercedis
673 3210 751 3277 dere
773 3210 855 3275 velis
879 3210 918 3285 ei,
942 3210 1067 3295 siquis
1100 3209 1155 3289 sit,
1179 3210 1237 3296 qui
1270 3210 1323 3276 his
1353 3216 1389 3276 te
1420 3232 1538 3277 rnaero-

483 3314 575 3378 ribus
606 3312 764 3387 absolvet,
788 3316 822 3376 et
846 3310 1027 3377 Redweddo
1059 3312 1205 3390 suadent,
1228 3318 1269 3378 ut
1290 3334 1350 3378 nec
1371 3312 1442 3399 ipse
1472 3312 1538 3378 tibi

484 3414 610 3499 aliquid
641 3412 720 3477 rneli
751 3412 858 3489 faciet,
883 3434 943 3479 nec
977 3412 1045 3479 tuis
1067 3419 1102 3478 te
1124 3413 1275 3479 hostibus
1308 3416 1536 3501 perimendum

483 3514 621 3581 emes&
666 3515 715 3579 At
737 3514 898 3581 Edwinus
931 3516 1133 3581 constantior
1166 3515 1398 3603 interrogando
1420 3517 1535 3594 fectus,

483 3638 550 3681 non
576 3616 744 3682 dubitavit
768 3617 968 3703 promittere,
985 3618 1068 3703 quin
1098 3617 1129 3683 ei
1160 3619 1217 3704 qui
1247 3622 1345 3684 tente
1375 3619 1536 3685 beneficis

483 3720 628 3794 donaret,
645 3718 754 3805 dignis
774 3719 958 3804 gratiarum
979 3719 1164 3785 actionibus
1185 3722 1404 3807 responderet
1450 3722 1535 3787 Tum

482 3820 539 3885 ille
572 3820 672 3886 tertio
695 3844 703 3885 :
730 3819 795 3886 “Si
826 3819 968 3901 eutem,'’
1002 3821 1122 3906 inquit,
1154 3820 1215 3888 “is
1251 3824 1309 3907 qui
1343 3823 1408 3889 tibi
1438 3830 1535 3889 tenta

482 3923 627 4009 telisque
650 3923 737 3988 done
759 3922 920 3987 veraciter
942 3923 1127 3988 adventure
1147 3923 1314 4010 praedixit,
1337 3926 1438 3991 etiem
1461 3949 1536 3993 oon-

481 4020 592 4091 silium
627 4030 694 4091 tuse
728 4023 792 4088 tibi
823 4023 939 4089 seiutis
974 4046 1011 4089 ee
1033 4024 1115 4090 vitae
1146 4025 1262 4090 melius
1295 4030 1396 4113 etque
1418 4028 1535 4093 utilius

480 4147 580 4212 quem
607 4124 725 4212 uliquis
751 4124 792 4189 de
818 4125 886 4190 tuis
911 4125 1105 4211 perentibus
1130 4132 1191 4192 eut
1213 4129 1362 4215 cognatis
1387 4151 1533 4215 unquam

480 4226 619 4302 audivit,
655 4225 826 4292 ostendere
863 4226 1018 4312 potuerit,
1053 4249 1135 4293 num
1168 4228 1200 4295 ei
1236 4224 1463 4317 optemperare
1499 4236 1535 4297 et

480 4326 608 4391 monite
649 4326 719 4391 eius
761 4326 923 4392 saluteris
964 4328 1125 4414 suscipere
1165 4331 1354 4396 consentiet
1369 4328 1389 4357 ''
1463 4332 1536 4398 Nec

481 4426 612 4491 distulit
637 4426 807 4503 Edwinus,
831 4430 913 4513 quin
935 4428 1102 4495 continuo¹
1127 4431 1339 4517 polliceretur
1368 4432 1407 4499 in
1431 4436 1536 4499 omni·

830 4778 837 4809 ¹
849 4779 975 4846 continuo]
988 4776 1114 4842 continue,
1124 4780 1181 4833 MS.
