3542 5800
457 899 504 949 aa
525 898 640 949 ursrrs
662 898 783 949 nmmo
804 898 988 951 aran-11.
1005 886 1056 951 34.
1218 884 1278 949 141

232 1082 395 1147 Divinum
432 1084 598 1168 quondam
635 1083 810 1150 resultavit
839 1080 1026 1149 oraculum.¹
1076 1092 1094 1121 “
1110 1082 1283 1169 Dispersit,

231 1185 322 1250 dedit
360 1186 568 1273 pauperibus,
606 1186 737 1252 iustitia
782 1186 853 1251 eius
902 1190 1014 1253 manet
1060 1184 1095 1251 in
1128 1184 1283 1251 saeculum

230 1288 369 1353 saeculi”
415 1288 568 1374 Denique
597 1287 704 1353 fertur
736 1289 816 1375 quia
852 1293 1000 1376 tempore
1030 1286 1171 1374 quodam
1209 1308 1283 1352 cum
1420 1352 1424 1359 .

230 1388 283 1454 die
327 1388 465 1455 sancto⁹
507 1390 637 1478 paschae
671 1412 746 1457 cum
788 1389 927 1477 praefato
970 1390 1118 1479 episcopo
1153 1390 1283 1455 Aidano

229 1491 429 1557 consedisset
467 1492 510 1557 ad
538 1492 723 1579 prandium,
761 1492 951 1579 positusque
981 1497 1065 1559 esset
1100 1491 1136 1557 in
1171 1512 1284 1557 mensu

228 1615 338 1659 coram
377 1613 417 1659 eo
449 1594 557 1661 discus
594 1600 769 1683 argenteus
804 1594 969 1682 regalibus
1000 1594 1106 1682 epulis
1135 1593 1282 1670 refertus,

228 1700 264 1760 et
298 1695 368 1761 iam
393 1696 526 1783 iamque
556 1702 665 1763 essent
694 1717 811 1763 manus
852 1696 895 1761 ad
933 1718 1052 1783 panem
1092 1694 1285 1763 benedicen-

230 1798 309 1863 dum
348 1798 489 1876 missuri,
535 1799 674 1865 intrasse
714 1798 826 1865 subito
864 1798 1054 1865 ministrum
1095 1798 1197 1885 ipsius
1231 1798 1284 1863 cui

228 1901 507 1988 suscipiendorum
531 1902 668 1988 inopum
692 1906 765 1967 erat
784 1922 864 1967 cura
885 1900 1046 1989 delegata,
1071 1906 1106 1966 et
1126 1898 1284 1965 indicasse

228 2004 307 2090 regi,
333 2002 413 2090 qnia
438 2004 618 2069 multitudo
647 2024 830 2090 pauperum
859 2002 1076 2090 undecunque
1106 2000 1283 2067 adveniens

228 2106 376 2170 maxima
397 2127 456 2191 per
478 2106 606 2193 plateas
633 2106 769 2183 sederet,
796 2105 966 2193 postulans
993 2103 1119 2191 aliquid
1143 2126 1164 2169 a
1187 2124 1281 2192 rege:

228 2207 287 2293 qui
316 2229 397 2273 mox
426 2208 527 2295 dapes
556 2208 691 2275 sibimet
720 2208 887 2295 appositas
925 2206 1045 2273 deferri
1075 2206 1281 2295 pauperibus,

227 2310 285 2375 sed
305 2315 341 2376 et
362 2307 488 2376 discum
502 2310 673 2398 confringi,
699 2316 800 2397 atque
822 2308 945 2375 eisdem
968 2308 1161 2376 minutatim
1176 2309 1283 2375 dividi

228 2412 392 2498 praecepit
438 2412 512 2493 Quo
539 2412 610 2478 viso
632 2412 782 2500 pontifex
809 2410 867 2499 qui
898 2411 1071 2491 assidebat,
1103 2412 1283 2480 delectatus

228 2515 289 2581 tali
312 2514 402 2581 facto
432 2514 576 2601 pietatis,
607 2513 826 2603 apprehendit
855 2514 1010 2581 dextram
1040 2515 1119 2593 aius,
1147 2520 1182 2581 et
1211 2516 1279 2581 ait:

230 2622 248 2653 “
262 2616 446 2704 Nunquam
461 2616 663 2683 veterascet³
677 2617 749 2683 haec
762 2614 908 2682 manus.”
954 2616 1052 2699 Quod
1067 2622 1101 2683 et
1122 2618 1170 2683 ita
1187 2616 1283 2683 iuxta

227 2726 343 2785 votum
356 2718 595 2785 benedictionis
609 2719 681 2785 eius
699 2718 861 2807 provenit
907 2718 942 2783 N
942 2742 995 2783 am
1018 2741 1093 2785 cum
1111 2720 1283 2785 interfect)

227 2819 284 2887 illo
298 2823 463 2909 inpugna
481 2843 599 2887 manus
624 2844 700 2888 cum
722 2820 855 2886 brachio
870 2844 891 2887 a
905 2828 1012 2888 cetero
1027 2828 1137 2888 essent
1150 2844 1282 2910 corpore

227 2931 390 3002 rasacatae,
428 2924 570 3012 contigit
601 2931 641 2990 ut
672 2924 833 2990 hactenus
862 2925 1061 3012 incorruptae
1094 2925 1282 3012 perdurent,

228 3027 314 3093 sicut
336 3026 476 3093 inferius
497 3026 570 3094 loco
591 3048 651 3092 suo
673 3026 802 3114 plenius
825 3025 1069 3092 declarabimus.

272 3127 385 3194 Huius
408 3127 573 3194 industria
597 3129 683 3216 regis
708 3127 883 3194 Deirorum
907 3133 941 3193 et
964 3127 1187 3193 Berniciorum
1209 3149 1283 3214 pro-
1294 3143 1421 3198 Unmos

227 3231 355 3308 unes,
380 3252 455 3316 que
478 3235 617 3297 nanus
638 3229 682 3296 ab
705 3230 848 3296 inuam
866 3229 1105 3310 moramur,
1125 3229 1161 3294 in
1181 3251 1280 3296 unam
1293 3213 1405 3330 ibi?

226 3339 305 3400 sunt
324 3353 438 3420 pacem
462 3337 497 3398 et
521 3332 616 3398 velut
644 3354 748 3398 unum
779 3331 1016 3420 compaginata
1046 3331 1082 3396 in
1113 3331 1279 3420 populum.
1293 3345 1372 3424 neira
1382 3347 1432 3426 rna

227 3435 311 3501 Erat
340 3439 454 3500 autem
484 3433 660 3501 Oswaldus
687 3435 776 3500 filius
799 3435 886 3522 regis
904 3433 1095 3500 AEthelfridi
1121 3439 1156 3500 et
1181 3411 1415 3500 batern‘m

227 3535 389 3614 anffidi,
416 3558 454 3602 ac
477 3537 578 3602 etiam
600 3558 701 3625 nepos
727 3537 862 3603 Edwini
883 3537 969 3626 rugis
990 3559 1031 3604 ex
1053 3559 1162 3605 sorore
1182 3537 1280 3614 Atha

226 3637 315 3705 unde
340 3638 478 3725 dignum
504 3639 579 3718 fuit,
609 3645 650 3705 ut
679 3644 796 3706 tantus
825 3661 1007 3728 praecessor,
1035 3641 1190 3708 videlieet
1217 3641 1282 3706 Ed-

227 3740 343 3818 winus
368 3741 469 3806 talem
496 3739 679 3828 [haberetP
701 3742 742 3809 de
765 3763 826 3810 sua
847 3741 1132 3830 consanguinitate
1152 3749 1187 3809 et
1209 3743 1282 3808 reli·

228 3842 334 3930 gionis
358 3848 394 3909 et
415 3843 509 3931 regni
531 3842 692 3910 heredem

233 4043 577 4051 ——-------·-—--
598 4045 604 4048 -
634 4045 678 4049 Α-.
704 4045 717 4049 -
741 4045 750 4049 -
788 4043 881 4050 --...--
1130 4041 1284 4052 -ι--..

261 4175 268 4204 ¹
284 4174 326 4224 Pa
337 4171 389 4224 cxi.
400 4177 424 4223 9.
814 4174 980 4240 ’mmamfl
993 4181 1138 4236 veterescet,
1157 4175 1214 4226 MS.

259 4252 378 4319 ἀνω]
391 4258 485 4315 nnete,
497 4251 554 4305 MS.
815 4253 825 4284 ⁴
835 4251 946 4319 baberet]
963 4269 1012 4305 om.
1024 4253 1080 4305 MS.
