3542 5800
430 918 760 970 11111111111111
781 918 963 971 suen-u
986 902 1039 974 71.
1199 904 1263 968 385

215 1104 322 1170 uisum
348 1112 557 1192 peremerunt
595 1113 629 1173 et
652 1106 856 1174 Christianos
880 1108 917 1174 in
940 1108 1053 1195 seigam
1078 1109 1263 1193 coegerunt.

216 1212 358 1299 Exque
385 1235 461 1279 casu
488 1212 668 1279 Christiani
692 1213 871 1300 plurimum
897 1212 1084 1302 perturbati
1108 1232 1265 1277 convene·

215 1319 296 1380 runt
313 1316 434 1381 iterum
450 1322 524 1403 post
548 1319 707 1402 quattuor
729 1316 798 1381 dias
819 1316 861 1381 ad
883 1338 1028 1404 pugnam
1052 1316 1089 1379 in
1111 1314 1181 1379 loco
1208 1312 1265 1399 qui
1277 1318 1402 1371 Baeleof

216 1416 405 1497 Aschedun,
427 1418 533 1483 idest
556 1440 650 1485 mons
667 1418 800 1497 fraxini,
824 1420 954 1498 dicitur,
974 1441 1048 1485 cum
1073 1421 1146 1483 tota
1172 1388 1424 1482 forti-mm·

216 1518 333 1585 tudine
360 1542 458 1606 quam
484 1520 602 1586 habere
626 1526 812 1609 potuenmt.
874 1520 941 1587 Sed
970 1520 1092 1608 pagani
1118 1520 1155 1584 in
1181 1519 1264 1584 duas

217 1644 250 1687 se
283 1626 410 1688 turmas
437 1622 630 1702 dividentes,
657 1624 694 1688 in
720 1644 788 1689 una
815 1623 896 1690 duos
921 1646 1014 1712 reges
1036 1622 1206 1709 Bairiscay
1230 1627 1264 1687 et

218 1726 382 1809 Haldene,
404 1728 441 1793 in
461 1728 566 1793 altera
584 1750 664 1795 vero
687 1750 799 1795 omnes
821 1730 968 1795 consules
992 1752 1066 1795 cum
1089 1729 1158 1794 suis
1187 1728 1265 1792 sub·

217 1829 296 1897 ditis
322 1830 525 1899 ordinarunt.
587 1832 685 1913 Quod
714 1836 883 1899 cernentes
912 1832 1104 1912 Christiani,
1133 1835 1167 1897 11
1201 1830 1264 1917 ipsi

217 1954 250 1997 se
277 1932 428 1999 similiter
448 1934 486 1999 in
509 1933 591 1999 duas
615 1935 699 1999 acies
719 1939 916 2015 statuerunt,
934 1956 1036 2001 uuam
1058 1934 1129 2021 regi
1150 1932 1264 1998 Ethel-

217 2036 296 2101 redo
324 2040 358 2101 et
384 2036 522 2103 alteram
545 2036 681 2103 Aifredo
705 2037 775 2103 sive
798 2036 944 2103 Aiuredo
970 2036 1066 2103 fratri
1093 2058 1153 2102 suo
1179 2056 1264 2101 oom-

218 2138 394 2205 mittentes
442 2140 525 2205 Erat
551 2146 663 2206 111111
689 2162 748 2205 rex
773 2139 977 2221 Ethelredus,
999 2140 1085 2205 sicut
1110 2137 1265 2226 praedixi-
1278 2131 1360 2195 Supr,

217 2263 298 2322 mus,
316 2242 353 2306 in
372 2242 515 2307 tentorio
530 2243 664 2308 missam
679 2242 831 2309 audiens:
853 2244 913 2309 ubi
928 2265 1002 2308 cum
1021 2242 1141 2329 saepius
1156 2264 1177 2305 a
1196 2240 1264 2305 suis
1276 2214 1300 2263 p.
1312 2203 1369 2250 m

217 2344 416 2410 invitaretur
441 2346 484 2410 ad
513 2349 686 2427 certamen,
713 2351 902 2412 constanter
927 2344 1104 2411 affirmavit
1133 2364 1167 2409 se
1196 2364 1264 2408 non

217 2468 425 2525 recessurum,
451 2448 642 2535 priusquam
667 2448 841 2536 presbyter
866 2449 998 2514 missam
1030 2445 1264 2534 complevisset.

219 2548 302 2628 Qua
324 2550 414 2630 fides,
438 2550 524 2616 sicut
544 2552 674 2639 praefati
690 2574 812 2631 sumus,
825 2552 1005 2618 Christiani
1022 2551 1108 2639 regis
1122 2549 1266 2615 multum

218 2652 282 2717 sibi
307 2653 432 2739 profuit
457 2652 509 2719 die
535 2654 600 2719 ilia.
658 2654 740 2721 Erat
765 2660 877 2722 autern
908 2657 945 2720 in
975 2656 1045 2720 loco
1078 2652 1266 2719 certaminis

219 2755 316 2822 arbor
343 2758 494 2843 quaedam
529 2760 706 2825 admodum
735 2760 856 2839 brevis,
889 2760 973 2826 circa
1003 2780 1101 2845 quam
1131 2754 1266 2821 hostiles

219 2859 304 2925 acies
325 2858 454 2948 ingenti
469 2862 612 2948 strepitu
627 2868 868 2929 concurrerunt.
910 2862 997 2930 Cum
1011 2865 1123 2926 autem
1139 2858 1266 2924 diutius

219 2963 364 3028 animose
396 2963 494 3028 nimis
528 2965 604 3030 hino
635 2965 712 3030 inde
741 2971 954 3054 pugnaretur,
984 2963 1104 3050 pagani
1142 2961 1266 3024 Divino

219 3067 338 3134 iudicio
378 3067 640 3134 Christianorum
676 3070 837 3155 impetum
872 3069 956 3136 ferre
999 3089 1067 3133 non
1108 3063 1265 3141 valentes,

218 3193 350 3236 suorum
387 3172 533 3236 maxima
559 3177 654 3258 parte
685 3171 859 3238 interfecta
892 3169 1143 3259 ignominiosam
1185 3165 1266 3233 arri·

219 3296 318 3360 puers
353 3273 473 3361 fugam.
543 3275 615 3354 Quo
650 3275 687 3338 in
721 3275 791 3341 loco
828 3276 893 3340 duo
926 3296 1018 3362 reges
1051 3292 1265 3361 paganorum,

219 3377 377 3461 Baciscay
410 3380 445 3441 et
473 3375 632 3456 Haldene,
665 3377 834 3464 multaque
868 3399 940 3442 cum
975 3377 1022 3442 eis
1047 3375 1139 3441 milia
1165 3375 1265 3438 inter-

219 3479 323 3564 empti
347 3478 583 3544 descenderunt
609 3479 651 3542 ad
675 3479 804 3558 inferos,
826 3480 959 3567 ignibus
984 3479 1151 3567 perpetuis
1165 3476 1266 3541 cruci-

219 3582 305 3646 andi.
362 3581 416 3645 Ex
444 3581 548 3647 altera
578 3604 656 3647 vero
685 3589 786 3669 parte,
816 3583 875 3648 ubi
899 3583 1045 3648 consules
1067 3582 1203 3646 fuerunt
1232 3583 1267 3643 et

220 3685 318 3749 duces
348 3688 462 3749 contra
494 3705 575 3769 quos
618 3685 788 3772 pugnabat
817 3685 971 3750 1111111111
1004 3686 1072 3750 sive
1101 3682 1266 3748 Aiuredus

94 3800 95 3803 ’
219 3787 322 3851 frater
345 3787 424 3867 eius,
450 3787 635 3852 ceciderunt
659 3787 805 3852 consules
832 3789 947 3854 Sidrac
970 3810 1070 3853 senex
1094 3792 1129 3851 11
1153 3786 1267 3851 Sidrao

219 3892 357 3972 iuvenis,
380 3891 553 3971 osbernus,
575 3891 693 3974 Frena,
717 3897 753 3958 11
777 3892 946 3957 Haroldus
972 3914 1046 3956 cum
1072 3891 1143 3956 aliis
1169 3891 1267 3953 innu-

218 3993 337 4074 meris;
360 3998 394 4058 et
409 3999 500 4060 totus
516 4017 718 4082 paganorum
735 3995 897 4061 exercitus
912 4016 987 4060 oum
1001 4000 1096 4060 nocte
1111 3995 1267 4080 sequente

219 4101 255 4161 11
277 4097 330 4162 die
353 4097 391 4162 in
412 4096 525 4183 fugam
546 4119 730 4176 conversus,
755 4119 813 4184 per
836 4103 942 4162 totam
961 4098 1137 4162 Asehedun
1161 4092 1266 4183 plani·

220 4199 302 4265 11111
331 4199 494 4264 contritus
526 4205 576 4265 est
606 4206 641 4266 et
666 4201 838 4288 dispersus.
885 4201 1118 4267 Convenenmt
1145 4198 1268 4262 iterum

221 4307 296 4390 post
322 4303 391 4367 dies
418 4303 681 4388 quattuordecim
704 4325 764 4368 rex
791 4302 988 4368 Ethelredus
1012 4307 1046 4368 et
1072 4302 1142 4368 eius
1165 4300 1268 4364 frater
1279 4293 1405 4374 Batueof

222 4403 379 4469 Aifredus
392 4404 462 4471 sive
477 4405 641 4472 Aiuredus
656 4412 770 4472 contra
789 4428 934 4494 paganos
948 4406 1128 4493 pugnaturi
1146 4402 1268 4469 iunctis
1377 4399 1383 4411 '

220 4507 349 4572 viribus
369 4508 412 4572 ad
433 4507 621 4595 Basingum.
668 4508 794 4590 Quibus
818 4509 930 4574 diuet
956 4510 1075 4575 acriter
1099 4507 1267 4573 decertan-

221 4609 321 4687 tibus,
348 4611 469 4697 pagsni
493 4611 666 4676 victoriam
694 4617 773 4678 sunt
801 4613 922 4699 adepti.
984 4612 1110 4678 lterum
1140 4610 1269 4676 duobus

221 4711 388 4778 mensibus
409 4712 558 4793 evolutis,
581 4735 640 4780 rex
660 4714 856 4780 Ethelredus
876 4721 911 4780 et
935 4715 1038 4782 frater
1058 4717 1129 4781 eius
1154 4715 1262 4781 11111-
1281 4757 1365 4809 M,
1375 4756 1406 4807 of

208 4813 283 4920 'dus
308 4815 379 4880 sive
413 4813 580 4883 Aluredus
616 4817 706 4904 apud
739 4819 968 4886 Merentonam
1002 4841 1076 4888 oum
1112 4817 1265 4884 nefandis
1281 4825 1424 4877 1111111111.

1123 4938 1182 4987 aa
