3542 5800
453 865 495 927 10
715 878 781 929 ruo.
805 878 1116 929 orornamenta.
1140 879 1226 929 nrsr.

451 1064 487 1126 in
516 1083 625 1149 regem
649 1062 829 1129 Britanniae
851 1064 992 1150 promoti
1018 1064 1176 1149 iniquitas
1200 1069 1234 1130 et
1254 1063 1356 1128 animi
1379 1062 1496 1127 levitas

452 1163 603 1228 omnibus
616 1186 674 1250 per
696 1164 867 1229 circuitum
890 1164 1078 1231 nationibus
1100 1166 1183 1231 asset
1199 1164 1376 1251 divulgata,
1393 1164 1498 1227 insur-

286 1270 609 1335 1nvasi0n0frexerrmt
633 1265 670 1328 in
695 1287 770 1330 eum
795 1264 892 1330 Skoti
916 1288 937 1329 a
957 1264 1063 1331 Oircio
1088 1272 1122 1331 et
1149 1265 1234 1331 Picti
1259 1266 1301 1330 ab
1324 1264 1495 1349 Aquilone,

285 1350 423 1468 &Q
454 1386 592 1451 quorum
622 1364 835 1452 vortigernus
872 1372 1003 1431 centum
1033 1368 1182 1432 concives
1212 1368 1428 1440 interemerat,
1463 1369 1497 1430 et

454 1487 588 1553 regnum
612 1467 793 1532 Britanniae
818 1467 973 1533 acerrima
996 1467 1204 1533 infestatione
1228 1474 1262 1533 et
1288 1468 1397 1531 labore
1423 1487 1498 1531 oon·

453 1567 547 1631 tinuo
573 1568 806 1654 inpugnabant
864 1567 951 1632 Nam
975 1566 1058 1633 ferro
1088 1575 1123 1633 et
1149 1569 1288 1644 flamma,
1316 1568 1434 1653 praedis
1464 1571 1504 1631 et·

452 1668 574 1754 rapinis
610 1669 720 1732 omnia
748 1675 980 1746 consumentes,
1011 1674 1143 1755 gentem
1177 1669 1393 1755 peccatricem,
1425 1688 1498 1752 quse

453 1770 543 1855 regio
563 1768 663 1833 fastui
685 1768 826 1845 favebat,
842 1768 1076 1845 contriverunt,
1093 1776 1127 1835 et
1149 1770 1194 1834 sic
1209 1770 1299 1855 plebs
1314 1768 1411 1834 simul
1425 1789 1499 1833 cum

454 1892 529 1956 rege
550 1870 772 1935 contaminata
793 1870 958 1934 communi
972 1870 1157 1955 percellitur
1174 1870 1308 1935 ultione
1352 1870 1397 1934 Et
1413 1868 1500 1953 quod

288 1983 424 2034 namne.
456 1971 496 2036 de
516 1970 634 2056 populo
660 1970 843 2035 miserando
865 1970 993 2035 hostilis
1014 1971 1154 2057 irruptio
1174 1994 1241 2036 non
1261 1971 1383 2057 attigit,
1400 1969 1501 2034 fames

455 2072 633 2157 praevalida
655 2072 786 2157 penitus
810 2072 1018 2157 consumpsit,
1045 2078 1085 2137 ut
1111 2073 1156 2137 sic
1181 2072 1274 2157 quasi
1303 2072 1391 2137 inter
1420 2071 1501 2136 duas
1567 2142 1574 2152 ἢ

456 2172 558 2237 molas
572 2172 663 2259 plebs
678 2171 820 2237 contrite
834 2172 1028 2237 volveretur.
1075 2172 1254 2261 Ingruente
1268 2178 1358 2259 peste
1373 2172 1501 2259 gladius
1544 2149 1658 2255 fierit

457 2273 673 2357 grassabatur,
688 2273 769 2337 adeo
784 2274 916 2358 quidem
938 2279 978 2338 ut
999 2294 1058 2339 nec
1073 2274 1144 2339 vivi
1159 2272 1342 2339 sufficerent
1356 2278 1502 2338 mortuos
1543 2317 1547 2328 ,
1587 2308 1643 2411 lp

457 2371 610 2458 sepelire.¹
658 2372 731 2437 Rex
761 2372 873 2457 itaque
903 2395 977 2438 cum
999 2373 1119 2459 populo
1149 2374 1293 2439 desolato
1324 2379 1358 2438 et
1379 2373 1502 2439 bellicis
1531 2380 1560 2409 ··
1640 2384 1646 2401 ¹

456 2473 694 2539 incursionibus
702 2473 850 2560 fatigato,
860 2478 974 2540 eontra
984 2474 1128 2539 hostiurn
1142 2475 1357 2561 irruptionem
1371 2474 1523 2561 ignanrsl
1546 2470 1619 2527 »ml
1651 2462 1670 2513 '¹²
1679 2481 1691 2502 ‘⁴
1704 2489 1726 2505 “·
1741 2502 1745 2509 ·

458 2573 538 2661 quid
553 2580 672 2661 ageret,
687 2573 723 2639 in
737 2573 969 2640 desolationem
983 2574 1163 2641 inclinavit
1193 2576 1339 2641 Tandem
1354 2575 1504 2643 omnibus

458 2675 582 2763 placuit
602 2681 643 2741 ut
656 2680 788 2762 gentem
803 2675 971 2743 Saxonum
995 2676 1035 2741 de
1050 2676 1198 2761 partibus
1220 2674 1446 2743 transmarinis
1469 2676 1504 2739 in

460 2775 621 2841 auxilium
651 2782 873 2843 convocarant
924 2776 1021 2857 Quod
1051 2776 1175 2843 Divino
1197 2783 1282 2842 nutu
1312 2776 1505 2863 dispositum

292 2858 397 2976 {¹31²er
461 2882 590 2944 constat
618 2898 694 2954 esse,
717 2882 758 2942 ut
781 2876 909 2942 veniret
939 2882 1052 2944 contra
1080 2877 1244 2964 improbos
1267 2876 1400 2958 malum,
1422 2878 1506 2944 sicut

292 3007 317 3054 a
330 2997 385 3041 154.
462 2978 646 3044 evidentius
660 2999 769 3044 rerum
783 2978 893 3044 exitus
908 2977 1139 3064 comprobabit
1185 2979 1369 3044 Mittuntur
1383 2978 1507 3044 interea

293 3057 405 3182 ξῆξξὰ
461 3079 579 3156 nuntii,
603 3085 642 3146 ut
664 3080 753 3166 quod
774 3079 986 3166 praelocutum
1009 3085 1058 3144 est
1080 3079 1285 3166 compleatur.

293 3189 357 3302 dd*
506 3180 605 3246 Anno
636 3181 740 3270 igitur
771 3181 887 3268 gratiae
917 3181 1235 3268 quadringentesimo
1262 3181 1507 3268 quadragedmo

294 3255 402 3384 „filg-
463 3303 549 3348 nono
577 3303 658 3368 gens
678 3282 861 3370 Anglorum
893 3282 962 3346 sive
992 3281 1161 3348 Saxonum
1188 3303 1209 3346 a
1229 3303 1305 3368 rege
1334 3281 1507 3348 Britanum

294 3411 433 3475 vorugern
463 3382 657 3468 Vortigemo
677 3383 821 3448 invitata
847 3384 882 3446 in
905 3403 1042 3470 regnum
1068 3381 1242 3448 Britanum
1272 3381 1378 3448 tribus
1403 3382 1509 3468 longis

293 3476 437 3592 isfffflff
463 3481 604 3548 navibus
632 3482 816 3558 advehitur,
839 3488 874 3548 et
903 3482 938 3546 in
969 3483 1119 3548 orientali
1143 3489 1236 3569 parte
1258 3483 1373 3550 meua
1400 3481 1508 3548 locum

294 3557 393 3657 hirdld
463 3583 617 3648 manendi
648 3605 670 3648 a
704 3604 778 3670 rege
805 3583 898 3668 quasi
920 3604 978 3669 pro
1008 3584 1116 3669 patria
1154 3590 1340 3672 pugnatura
1361 3581 1508 3670 suscepit,

295 3673 432 3725 ‘mm-
463 3689 498 3749 et
519 3689 560 3748 ut
588 3683 741 3748 Britanni
763 3684 841 3769 ipsis
869 3683 1090 3750 militantibus
1112 3685 1225 3750 debita
1250 3684 1414 3771 stipendis
1436 3705 1509 3772 pro-
1570 3769 1573 3774 .

296 3800 402 3860 Saxona
464 3784 623 3850 viderent
674 3784 891 3852 Advenenmt
912 3785 1015 3872 igitur
1037 3786 1078 3851 da
1107 3785 1214 3852 tribus
1243 3783 1428 3852 Germania
1453 3806 1511 3871 po·

296 3865 435 3986 mm
464 3885 551 3972 pura
579 3884 777 3960 sorriana
805 3885 840 3950 n
869 3891 921 3954 aa
945 3885 1141 3967 monibus,
1178 3886 1304 3974 mgna
1342 3891 1378 3952 a
1408 3885 1510 3954 rurs.

467 3987 518 4052 De
533 3986 690 4052 Jutarum
712 3991 823 4050 autem
846 3985 971 4073 origine
993 3992 1071 4052 sunt
1094 3986 1265 4054 Cantuarii
1280 3991 1313 4052 et
1329 3985 1511 4064 Wictuarii‚

464 4089 526 4154 hoc
547 4094 597 4156 est
619 4110 658 4154 ea
678 4109 757 4176 gens
772 4109 847 4175 quae
869 4087 1005 4154 Vectam
1034 4094 1128 4156 tenet
1148 4089 1296 4166 insulam,
1320 4094 1355 4154 et
1376 4109 1415 4153 ea
1438 4107 1512 4172 quae

297 4191 445 4243 saturam
467 4210 572 4276 usque
613 4189 710 4254 hodie
755 4190 791 4254 in
834 4188 1003 4276 provincia
1048 4188 1307 4256 Occidentalium
1344 4186 1512 4254 Saxonum

297 4258 387 4318 suan
465 4290 622 4373 datarum
651 4290 744 4356 natio
772 4291 969 4368 nominatur,
999 4289 1119 4376 posita²
1140 4295 1255 4356 contra
1286 4291 1390 4377 ipsam
1422 4289 1513 4354 insu-

298 4349 416 4476 dllholn
466 4393 532 4460 lam
563 4391 707 4460 vacam
752 4391 803 4458 De
833 4391 1020 4460 saxonibus
1059 4412 1136 4460 vero
1164 4391 1284 4474 (idest
1314 4413 1353 4460 aa
1382 4391 1513 4477 ragione
