3542 5800
492 874 539 925 nn
561 875 678 926 anans
700 875 820 927 annun
843 849 1027 927 auen-'n
1048 856 1099 931 70.
1257 860 1323 927 eet

276 1060 334 1129 sed
373 1060 536 1129 charisma
568 1066 714 1129 saorarat
754 1062 905 1149 mysticae
943 1061 1117 1142 unctionis,
1157 1060 1324 1149 hueusque

277 1164 429 1233 levamen
468 1165 678 1253 prestiterat.
741 1165 771 1233 Ο
805 1186 905 1253 quam
943 1164 1038 1231 dulos
1078 1165 1321 1251 spectaculum!

277 1288 376 1355 quum
416 1268 560 1350 evidens,
602 1290 701 1357 quam
744 1268 945 1357 stupendum
983 1267 1199 1334 miraeuluml
1267 1266 1324 1333 Illi

277 1370 428 1437 funereas
466 1376 614 1439 tractant
649 1371 827 1459 exequias3
873 1371 930 1437 ille
957 1371 1095 1437 vitalem
1124 1392 1237 1436 eorum
1266 1392 1323 1457 op·

277 1472 408 1539 tutibus
437 1473 574 1540 exbibet
601 1474 788 1561 imaginem.
856 1474 978 1540 Vultus
1006 1473 1191 1550 severitate,
1221 1494 1323 1539 mem-

277 1576 411 1641 brorum
449 1575 663 1657 formositate,
706 1578 858 1665 quaedum
897 1575 1142 1643 resurreetionis
1179 1574 1325 1663 insignia

277 1678 506 1765 prmseutaudo
544 1678 593 1745 nil
619 1678 767 1745 distabat
797 1702 817 1746 a
846 1678 994 1760 vivente,
1035 1678 1064 1745 si
1093 1678 1225 1745 mobilis
1255 1678 1323 1744 offi-

277 1784 366 1853 oaoiu
411 1806 479 1853 non
520 1786 685 1855 defuisset.
752 1786 848 1853 Inter
884 1787 955 1853 hee
998 1786 1118 1853 uooidit
1164 1785 1322 1873 quiddam

277 1892 376 1958 beato
405 1894 546 1979 martyri
576 1892 760 1973 Edmundo,
799 1894 856 1979 qui
896 1914 931 1959 se
967 1892 1075 1981 ipsum
1105 1892 1178 1959 Deo
1203 1892 1324 1958 sacrifi·

278 1994 367 2061 eium
407 1994 444 2061 in
485 1996 617 2061 odorem
657 1994 835 2061 suavitatis
876 1994 1010 2083 optulit,
1053 1995 1136 2061 satis
1176 1995 1322 2080 dignum,

278 2097 399 2184 quique
440 2119 514 2164 oum
556 2097 662 2165 Paulo
703 2097 810 2163 diosro
851 2096 985 2185 potuit,¹
1032 2096 1189 2164 “Christi
1218 2096 1324 2163 bonus

278 2200 358 2266 odor
386 2218 498 2267 sumus
528 2200 602 2268 Deo
643 2201 680 2267 in
710 2202 800 2267 omni
829 2200 903 2267 loeo
932 2206 968 2267 et
995 2199 1033 2265 in
1061 2200 1113 2265 his
1142 2200 1200 2286 qui
1239 2200 1324 2265 salvi

278 2302 391 2369 fiunt.’'
459 2304 548 2370 Nam
589 2326 631 2371 ex
672 2326 737 2391 quo
766 2304 877 2391 lignea
906 2304 966 2369 illa
994 2304 1102 2371 slatus
1131 2309 1183 2370 est
1218 2304 1324 2386 theou,

278 2411 376 2472 tanta
413 2406 578 2495 inexperti
617 2412 652 2473 et
690 2406 843 2474 inusitati
884 2428 964 2473 mox
1004 2406 1114 2473 odoris
1143 2406 1326 2496 fragrantia

278 2511 454 2587 emanavit,
500 2510 581 2577 adeo
626 2511 770 2597 quoque²
802 2510 944 2578 fratrum
990 2510 1167 2577 eonmdem
1212 2532 1325 2578 sensus

277 2614 458 2701 oooupuvit,
500 2618 540 2678 ut
569 2614 658 2681 iuter
688 2614 828 2680 virentis
857 2636 991 2680 omoena
1019 2614 1165 2701 paradisi
1193 2636 1228 2679 se
1257 2636 1325 2680 ore·

278 2716 396 2782 derent
436 2716 577 2783 oonsisti.
644 2715 691 2783 Et
720 2738 794 2783 oum
834 2715 1076 2783 inaestimabilis
1117 2716 1325 2782 duloediuem

278 2819 453 2886 suavitatis
493 2818 614 2885 olfactu
655 2818 834 2897 haurirent,
875 2819 1065 2885 nullatenus
1103 2822 1217 2884 tamen
1256 2816 1325 2883 'dis-

279 2944 408 2989 oernere
446 2922 588 3010 quibant
620 2921 703 3009 quid
740 2922 924 3002 sentirent3
969 2943 1029 2988 neo
1058 2922 1158 2988 semel
1187 2923 1324 2988 emissus

278 3025 353 3092 ilioo
398 3025 542 3106 evannit,
582 3047 697 3091 verum
738 3025 841 3092 totius
882 3023 949 3090 diei
987 3026 1129 3112 spatium
1164 3025 1323 3112 optinuit.

279 3129 333 3194 Ad
374 3129 465 3195 ouius
505 3127 687 3215 gratiosum
729 3128 891 3216 allapsum
928 3131 1061 3194 caterva
1103 3127 1243 3194 fratrum
1287 3127 1323 3192 iu

278 3235 419 3301 elaustro
448 3234 660 3322 psallentium
685 3235 796 3300 subito
820 3234 1011 3324 stupefacta,
1034 3233 1226 3322 psalmodia
1249 3254 1324 3300 oon-

278 3347 409 3408 oentum
441 3343 683 3428 interrumpens
720 3341 938 3408 admiratione
967 3362 1036 3406 non
1066 3341 1195 3407 modion
1231 3347 1323 3407 tene·

278 3445 385 3510 batur.
445 3442 677 3531 Opinabantur
706 3449 819 3511 tamen
849 3445 938 3531 quod
967 3445 1016 3510 rei
1045 3445 1169 3511 veritas
1208 3466 1324 3533 uppro-
1336 3455 1392 3507 MS.
1403 3457 1435 3516 Β,

279 3547 390 3627 habat,
432 3545 520 3633 quod
558 3550 654 3611 tanta
692 3546 813 3612 aeilioet
855 3547 896 3612 de
938 3547 1070 3634 patroni
1110 3547 1162 3612 eui
1199 3547 1324 3634 lipsano
1336 3523 1378 3573 ‘⁰¹'
1392 3524 1475 3579 ¹⁰¹1*

277 3649 394 3737 gratius
421 3648 514 3736 copia
536 3648 746 3715 efferbuisset.
792 3649 893 3714 Porro
908 3671 982 3715 oum
1008 3649 1140 3716 abbatis
1154 3651 1325 3736 eomplioes

278 3771 375 3837 super
398 3751 450 3816 his
479 3771 554 3838 quae
583 3751 799 3816 intuebantur
813 3757 924 3818 mente
948 3754 1148 3819 ooneternati
1174 3758 1324 3818 sanetum

279 3855 418 3940 pristino
447 3854 561 3941 reponi
591 3853 704 3920 locello
737 3855 980 3941 persuaderent,
1012 3855 1187 3942 saepeiutus
1211 3854 1491 3940 ubbaa,}1'heabbot’s

277 3956 341 4022 nai
379 3977 496 4023 manus
535 3955 635 4022 oenus
672 3955 898 4038 teusanus,
940 3957 1120 4023 dubietatis
1149 3957 1322 4044 caliginem
1334 3928 1485 4056 mg,

277 4059 466 4126 nullatenus
494 4061 656 4125 detersam
685 4057 754 4124 fore
782 4059 914 4124 fatetur.
980 4059 1078 4140 Quod
1106 4060 1185 4125 olim
1215 4081 1323 4147 perea-

277 4170 372 4249 perat
394 4161 522 4242 auditu,
548 4160 616 4226 iam
635 4183 722 4252 nuno
753 4159 894 4227 rimatur
920 4167 954 4227 et
979 4163 1074 4242 visu3
1112 4163 1322 4248 quodetiam

277 4269 387 4332 taetus
417 4263 595 4346 renuntiet,
630 4264 800 4352 explorare
838 4285 905 4329 non
935 4269 1115 4330 ounotutur.
1179 4263 1323 4353 Legerat

278 4367 440 4452 siquidem
469 4365 506 4430 in
535 4365 638 4453 ipsius
679 4366 829 4454 passione
870 4371 970 4453 eaput
999 4367 1124 4452 eorpori
1161 4370 1324 4456 compagi-

277 4475 394 4535 natum
422 4468 598 4534 cohaesisse.
660 4469 818 4557 Proponit
848 4491 926 4555 ergo
961 4469 1168 4550 sententiam,
1207 4471 1325 4536 indicit

1267 4637 1321 4660 ,Γ“““

313 4721 320 4751 ¹
333 4725 347 4770 2
366 4719 423 4771 Cor.
435 4718 461 4770 ii.
475 4725 513 4771 15.
857 4721 1039 4788 moremur]
1052 4729 1208 4785 sumentur,
1219 4722 1250 4778 Β.

313 4799 546 4874 'rumend-
1150 4812 1152 4816 ’
