3542 5800
305 1312 361 1364 MS.
374 1312 404 1373 13,

304 1380 348 1431 iol.
361 1385 391 1429 89
403 1394 425 1431 a.

306 2342 363 2394 MS.
375 2344 406 2405 B,

306 2410 348 2462 fol.
361 2416 392 2465 89
404 2414 428 2464 b.

307 3901 363 3956 MS.
374 3906 404 3969 E,

306 3971 347 4022 foi.
363 3978 394 4022 90
406 3987 427 4026 a.

472 883 539 951 354
732 898 796 950 our
820 898 867 951 na
889 898 1027 951 murro.
1051 898 1141 951 sero.
1163 898 1252 951 msr.

473 1090 714 1159 attrectatus'”
758 1088 868 1178 Igitur
897 1089 1076 1155 monachus
1101 1089 1216 1156 divino
1246 1090 1378 1158 oraculo
1408 1091 1522 1157 admo·

472 1195 572 1276 nitus,
602 1192 771 1281 imperatis
809 1193 1033 1260 obsecundans
1062 1192 1209 1260 laborem
1237 1194 1367 1261 itineris
1403 1215 1521 1283 aggre-

474 1300 585 1379 ditur3
608 1298 835 1385 ingressusque
854 1297 899 1363 ad
916 1318 1036 1385 regem,
1052 1318 1095 1363 ex
1113 1301 1208 1383 parte
1225 1298 1333 1363 uncti
1351 1297 1518 1365 Edmuudi

472 1400 591 1470 humili
621 1400 789 1490 praemissa
818 1400 1025 1479 salutatione,
1051 1400 1226 1488 legationis
1256 1422 1387 1467 oausam
1412 1423 1520 1489 prose·

473 1505 596 1593 quitur.
642 1502 708 1570 Sed
733 1502 804 1570 haec
825 1524 886 1569 rex
905 1502 1122 1570 ferocissimis
1141 1524 1202 1569 neo
1215 1504 1388 1570 attendere
1406 1504 1528 1591 digna

473 1609 573 1674 batur
610 1626 670 1673 noo
706 1607 926 1693 respondere3
963 1628 1097 1671 servum
1135 1626 1265 1693 quoque
1303 1605 1367 1671 Dei
1404 1606 1520 1673 multis

473 1710 660 1779 lacessitum
698 1710 882 1797 obprobriis
915 1732 937 1775 a
969 1714 1144 1797 conspectu
1181 1730 1241 1775 suo
1277 1710 1371 1777 iubet
1407 1712 1519 1790 arceri,

473 1813 612 1880 iurando
642 1816 842 1891 contestans,
868 1812 934 1877 nisi
963 1812 1099 1879 celerius
1135 1811 1299 1894 abscedat,
1329 1812 1521 1900 ignominia

474 1922 556 1983 nota
578 1915 740 1983 foedatum
763 1934 841 1981 suus
861 1914 1056 1981 Edmundus
1075 1936 1152 1981 eum
1173 1915 1385 2003 reciperet,si
1407 1922 1522 1985 temen

474 2020 590 2085 mortis
605 2020 779 2085 discrimen
795 2016 923 2084 evadat.
968 2018 1031 2084 Vir
1045 2022 1158 2086 autem
1172 2016 1310 2085 Domini
1324 2024 1365 2085 ut
1378 2020 1521 2087 iudicem

473 2123 661 2209 iniquitatis
688 2120 927 2188 animadvertit
940 2142 1002 2187 neo
1015 2121 1124 2187 Deum
1142 2122 1259 2189 timere
1280 2144 1341 2189 nec
1354 2124 1521 2190 homiuem

474 2226 624 2307 revereri,
651 2224 758 2292 tristis
783 2222 964 2291 admodum
986 2225 1077 2289 viam
1103 2246 1234 2313 carpere
1260 2226 1361 2312 eoepit
1387 2226 1521 2293 domum

474 2335 651 2397 revertens.
698 2327 784 2395 Gum
806 2331 919 2395 autem
933 2328 969 2393 in
984 2327 1152 2393 territorio
1168 2328 1388 2394 Linoolniensi
1402 2330 1522 2395 humili

474 2434 554 2499 satia
584 2430 727 2519 hospitio
750 2431 926 2510 frueretur,
952 2434 1053 2496 noctu
1081 2435 1177 2517 pater
1200 2430 1396 2497 Edmundus
1421 2454 1522 2519 appe-

475 2536 545 2602 ruit
575 2534 605 2601 ei
634 2535 671 2599 in
700 2533 823 2600 somnis
857 2533 989 2597 dicens:
1030 2541 1049 2568 “
1064 2532 1183 2613 Quid,”
1212 2533 1331 2620 inquit,
1367 2534 1521 2601 “timore

475 2638 686 2706 sollicitarisl
730 2636 819 2717 Quid
843 2657 980 2702 maerore
1002 2634 1194 2701 tribularis?
1238 2636 1295 2701 An
1320 2636 1421 2702 verba
1446 2660 1522 2703 mea

475 2743 599 2810 oblitus
627 2740 808 2829 periculum
834 2740 984 2806 incidisti
1010 2739 1269 2827 desperationisl
1314 2739 1418 2828 Surge
1442 2763 1521 2829 ergo

473 2848 630 2915 festinus:
648 2842 836 2934 aggredere¹
852 2844 968 2910 callem
983 2849 1219 2932 praematurum
1235 2844 1314 2932 quia
1328 2845 1520 2933 priusquam

472 2947 597 3040 peracti
619 2955 723 3015 metra
745 2947 874 3014 itineris
897 2947 1074 3036 pertingas,
1092 2945 1134 3013 de
1155 2969 1231 3036 rege
1251 2949 1365 3014 Swein
1385 2947 1520 3015 celebris

472 3055 561 3121 fama
590 3059 626 3120 te
656 3058 690 3118 et
724 3049 957 3138 compatriotas
985 3055 1062 3116 tuos
1092 3051 1293 3118 exhilarabit
1323 3053 1522 3118 universos”

472 3157 540 3238 Qui
560 3179 635 3224 oum
653 3153 850 3220 manasseto
872 3175 1024 3240 aggerem
1044 3155 1182 3220 calcaret
1197 3154 1373 3242 publicum,
1389 3156 1521 3222 audivit

472 3267 548 3349 post
584 3281 619 3326 se
656 3256 863 3346 quorundam
897 3278 1047 3322 miumur
1083 3257 1315 3344 equitantium,
1346 3281 1366 3324 a
1399 3258 1520 3345 quibua

471 3363 565 3430 brevi
610 3365 817 3447 consequtus,
861 3381 952 3424 more
1000 3359 1166 3426 viantium
1215 3365 1333 3426 mutuo
1381 3361 1519 3427 salutati

472 3466 600 3531 affatim
630 3464 792 3548 colloquia
821 3463 966 3528 miscent
1025 3461 1089 3528 oui
1118 3467 1154 3529 et
1175 3485 1261 3528 unus
1289 3463 1423 3530 illorum
1445 3464 1517 3530 ait:

473 3575 491 3606 “
508 3566 631 3645 Heus‚''
664 3567 784 3652 iuquit,
828 3571 845 3602 “
859 3563 972 3630 sodes!
1009 3569 1092 3632 tune
1130 3587 1164 3632 es
1197 3567 1378 3653 presbyter,
1421 3591 1518 3654 quem

471 3670 713 3737 nudiustertius
737 3669 826 3756 apud
848 3689 959 3754 regem
980 3668 1106 3735 conicio
1132 3690 1185 3735 me
1206 3669 1327 3734 vidisse
1350 3669 1517 3737 cuiusdam

473 3773 645 3842 Edmundi
659 3771 818 3838 mandata
832 3771 1081 3858 perorantemi”
1124 3771 1180 3836 Ad
1195 3793 1292 3856 quern
1311 3769 1387 3836 illo:
1412 3774 1520 3862 “Ego

473 3875 573 3943 sum.’'
618 3875 701 3940 Turn
723 3874 789 3952 ille,
822 3879 842 3911 “
857 3873 958 3938 Heu!
989 3872 1097 3939 heu!''
1128 3873 1247 3960 inquit,
1282 3879 1304 3912 “
1318 3895 1416 3959 quam
1438 3898 1521 3963 pon·

473 3980 590 4046 dorosa
612 3978 677 4043 fuit
700 3976 911 4043 comminatio
933 3979 1015 4041 tua!
1041 3997 1140 4062 quam
1166 3996 1283 4040 verum
1302 3977 1519 4044 vaticinium}

473 4083 548 4150 Rex
562 4083 650 4146 enim
667 4081 778 4147 Swein
792 4084 899 4145 morte
913 4099 973 4144 sua
987 4078 1172 4145 laetificavit
1184 4077 1352 4166 Angliam,
1368 4087 1518 4148 maestam

472 4209 510 4253 ao
539 4189 722 4253 luctuosam
748 4183 884 4270 reliquit
911 4181 1077 4248 Daoiam.”
1130 4183 1310 4270 Postquam
1336 4185 1441 4273 igitur
1464 4189 1521 4254 vir

472 4289 536 4354 Dei
566 4289 636 4354 haeo
666 4287 804 4367 audivit,
835 4291 905 4351 tum
928 4291 1062 4372 stupore
1090 4307 1190 4372 quam
1219 4288 1342 4373 gaudio
1366 4291 1518 4377 perfusus

470 4391 620 4457 narranti
642 4390 704 4455 sibi
727 4389 797 4454 ait:
824 4395 842 4425 “
859 4387 931 4453 Ista
954 4388 1087 4474 quidem
1108 4390 1256 4476 contingi
1279 4413 1374 4478 posas
1396 4415 1519 4478 nequo-

469 4515 568 4582 quam
594 4492 733 4573 dubit0;
765 4491 822 4557 aed
844 4491 1021 4556 veritatem
1046 4491 1161 4557 audire
1186 4492 1365 4560 desidem?
1409 4494 1518 4576 Quem

468 4597 590 4664 relator
611 4615 804 4683 suspensum
826 4595 979 4659 intuens:
1004 4593 1085 4660 “Ut
1106 4593 1265 4676 facilius,'’
1287 4597 1344 4678 ait,
1370 4597 1517 4665 “horum

663 4761 725 4768 ...---.

765 4835 772 4865 ¹
785 4833 928 4903 cypredere]
942 4833 966 4884 B
973 4854 981 4897 3
998 4835 1123 4904 egredere,
1135 4833 1190 4888 MS.
