3542 5800
477 907 525 959 nn
545 905 662 960 enarre
684 907 807 959 sanun
828 907 1009 958 suun-11.
1035 895 1085 958 50.
1251 888 1317 964 197

267 1089 496 1180 pmcipitium¹
512 1093 647 1179 aliquod
668 1093 738 1158 sive
759 1093 866 1180 ripam
889 1093 996 1169 maris,
1014 1098 1048 1159 et
1064 1091 1185 1158 iunctis
1200 1091 1317 1158 misere

267 1195 426 1270 manibus,
441 1194 566 1280 pariter
587 1215 699 1260 omnes
720 1199 781 1260 aut
801 1195 899 1260 mina
919 1193 1068 1282 perituri,
1084 1200 1143 1260 eut
1164 1193 1317 1258 fluctibus

266 1296 462 1363 absorbendi
484 1296 679 1362 deciderent.
729 1295 854 1362 Verum
878 1297 949 1384 ipso
973 1297 1034 1376 die,
1061 1318 1127 1384 quo
1154 1296 1318 1384 baptismo

266 1400 344 1465 fidei
369 1420 449 1486 gens
474 1399 621 1486 suscepit,
648 1398 706 1464 illo
738 1399 905 1465 descendit
932 1398 1042 1486 pluvie
1067 1421 1181 1466 serena
1206 1403 1241 1464 et
1266 1420 1319 1464 co·

267 1503 367 1589 piosa,
405 1501 554 1568 refloruit
582 1507 681 1579 tene,
714 1501 813 1568 rediit
842 1501 1065 1568 viridantibus
1095 1501 1183 1566 ervis
1213 1521 1319 1566 annus

266 1603 364 1668 laetus
384 1608 419 1669 et
441 1603 604 1690 mugilem·
644 1601 763 1689 Sicque
788 1603 918 1669 abiecto
943 1605 1048 1691 prisce
1077 1603 1317 1690 superstitione,

268 1704 425 1770 exufflata
449 1706 611 1786 idolatria,
639 1727 694 1772 cor
719 1705 866 1770 omnium
893 1711 927 1771 et
950 1727 1025 1772 earo
1055 1705 1201 1770 omnium
1228 1705 1319 1770 exul-

267 1813 426 1873 taverunt
448 1808 484 1872 in
507 1807 616 1873 Deum
638 1807 774 1873 vivum:
799 1807 1030 1894 intelligentes,
1047 1829 1123 1872 enm
1145 1808 1202 1892 qui
1221 1827 1319 1871 verus

268 1916 318 1975 est
359 1909 459 1990 Deus,
497 1917 532 1976 et
569 1909 781 1976 interioribus
817 1931 853 1975 se
890 1909 985 1975 bonis
1023 1914 1057 1975 et
1102 1907 1319 1974 exterioribus

269 2010 404 2078 coelestil
430 2013 537 2099 gratia
563 2012 692 2077 ditem.
738 2010 826 2077 Nem
851 2016 886 2077 et
909 2012 1046 2078 antistes
1069 2033 1144 2076 cum
1177 2009 1320 2076 venisset

268 2115 304 2178 in
332 2114 542 2201 provinciam,
579 2119 773 2200 tantamque
805 2113 854 2178 ibi
883 2113 980 2179 famis
1013 2135 1145 2202 poenam
1182 2112 1318 2184 videret.

270 2216 381 2284 docuit
402 2237 457 2282 eos
477 2215 632 2302 piscando
652 2215 778 2281 victum
801 2235 955 2302 quaerere.
1001 2213 1154 2304 Namque
1176 2236 1266 2280 mare
1287 2219 1321 2282 et

269 2317 408 2383 fiumina
422 2339 533 2383 eorum
547 2316 691 2404 piscibus
710 2317 947 2398 abundabant;
969 2317 1027 2384 sed
1042 2317 1187 2404 piscandi
1202 2317 1321 2404 peritia

269 2421 362 2508 genti
385 2419 477 2484 nulla
507 2419 572 2484 nisi
596 2419 640 2484 ad
662 2419 825 2505 anguillas
850 2425 984 2484 tantum
1009 2421 1122 2484 inerat.
1170 2419 1322 2486 Collectis

270 2543 347 2608 ergo
372 2521 599 2607 undecumque
628 2520 755 2586 retibus
787 2521 1031 2607 angrdllaribue,
1063 2521 1210 2588 homines
1235 2523 1322 2586 snti-

269 2625 358 2692 stitis
387 2624 548 2690 miserunt
576 2623 614 2688 in
642 2644 741 2701 mare,
772 2627 807 2688 et
836 2623 963 2690 Divina
984 2643 1018 2689 se
1041 2624 1178 2689 invente
1204 2625 1321 2711 gratia,

270 2747 349 2792 mox
375 2731 530 2812 oepenmt
556 2725 659 2811 pisces
684 2725 807 2790 diversi
830 2726 958 2812 generis
986 2731 1167 2793 trecentos:
1201 2727 1322 2812 quibus

269 2829 430 2893 trifariam
449 2827 571 2907 divisis,
588 2831 721 2892 centum
744 2829 942 2914 pauperibus
963 2827 1176 2917 [dederunt],³
1190 2833 1321 2894 centum

271 2930 323 2997 his
347 2928 380 2995 n⁴
405 2930 525 3017 quibus
554 2929 641 2995 retia
678 2936 877 3017 acceperant,
916 2934 1048 2996 centum
1078 2933 1114 2995 in
1144 2952 1219 2996 suos
1244 2953 1322 2996 usus

270 3033 444 3099 habebant.
490 3033 565 3113 Quo
587 3032 745 3098 beneficio
768 3033 912 3098 multum
939 3033 1077 3097 antistes
1099 3055 1153 3098 cor
1175 3032 1322 3097 omnium

270 3138 306 3203 in
331 3158 428 3201 suum
451 3135 616 3200 convertit
645 3156 797 3213 amorem,
824 3138 860 3199 et
882 3134 1038 3200 libentius
1062 3155 1100 3200 eo
1124 3134 1323 3221 praedicente

174 3302 178 3307 ,
270 3238 415 3305 ooelestis
446 3258 575 3325 sperare
604 3241 781 3322 coeperunt,
812 3236 905 3305 cuius
927 3234 1109 3304 ministerio
1131 3237 1323 3325 temporalis

272 3341 360 3407 bona
381 3344 598 3426 sumpserunt

316 3441 390 3523 Quo
398 3448 545 3527 tempore
555 3460 615 3505 rex
623 3438 976 3519 AEthelwoldus,·cuius
989 3462 1089 3529 supra
1101 3440 1319 3521 meminimus,
1333 3439 1428 3492 36180ῑο

272 3544 410 3611 donavit
432 3542 695 3609 reverentissimo
721 3543 879 3627 antistiti*
893 3542 1046 3609 Willrido
1079 3552 1201 3610 terram
1235 3522 1348 3612 octo-⁸
1396 3524 1422 3575 5·

271 3643 379 3735 ginta⁵
397 3644 605 3721 familiarum,
621 3642 681 3709 ubi
695 3666 770 3719 suos
792 3643 942 3710 homines
958 3645 1016 3731 qui
1031 3647 1142 3711 exules
1157 3649 1322 3735 vagaban-

271 3753 333 3823 tur,
349 3747 491 3833 recipere
499 3750 617 3833 posset,
632 3746 791 3811 vocabulo
804 3746 951 3825 Selmeic,
965 3748 1053 3831 quod
1068 3748 1188 3814 dieitur
1204 3749 1322 3817 Latine

272 3850 387 3915 Insula
416 3848 525 3914 Vituli
547 3847 678 3913 Marini.
746 3848 808 3915 Est
830 3850 918 3914 enim
949 3849 1038 3914 locus
1068 3850 1213 3935 undique
1237 3852 1322 3919 mari

273 3951 492 4020 circumdatus
518 3957 639 4036 preater
675 3950 719 4014 eb
751 3951 925 4027 occidente,
956 3951 1044 4016 unde
1069 3950 1170 4016 hebet
1198 3952 1321 4038 ingres-

272 4076 345 4119 sum
370 4051 597 4140 amplitudinis
626 4052 720 4138 quasi
749 4052 854 4118 iactus
884 4052 1016 4119 fundae:
1053 4052 1157 4139 qualis
1186 4052 1322 4122 locuso

272 4154 399 4220 Latinis
431 4153 611 4241 peninsula,
644 4174 665 4217 a
699 4152 821 4219 Graecis
853 4154 936 4219 solet
969 4154 1173 4219 cherronesos
1202 4156 1320 4223 vocari.

273 4257 373 4324 Hunc
398 4278 476 4344 ergo
499 4256 607 4323 locum
636 4278 711 4323 eum
741 4257 915 4345 accepisset
945 4255 1112 4345 episeopus
1140 4254 1319 4339 Wilsridus,

307 4593 502 4660 'precipiam
516 4593 672 4659 praecipium,
683 4592 740 4647 MS.
853 4595 863 4626 ⁴
874 4596 905 4661 a]
919 4603 951 4657 ot,
964 4594 1020 4646 llS.

306 4670 429 4739 ἐάαίι]
442 4673 621 4735 (seientiam.
853 4674 1006 4741 'cctoyiuluJ
1049 4675 1176 4743 octoginta
1218 4682 1322 4742 septum,

306 4751 455 4820 Ἤσκει]
479 4768 529 4803 om.
551 4752 609 4807 lus.
631 4752 773 4805 -soeneu
820 4752 926 4805 Bediv.
942 4758 980 4804 13.

267 4832 308 4883 iv.
321 4836 361 4883 18.
