3542 5800
436 813 502 876 200
703 818 992 871 massmanno.
1016 817 1104 867 erac.
1129 817 1215 865 mss.

434 1006 619 1072 sublimiter
645 1004 790 1090 praefuit,
818 1002 963 1068 conferre
990 1003 1126 1088 dignata
1156 1006 1213 1068 est.
1259 1000 1335 1068 Huc
1365 1000 1486 1067 etenim

437 1109 491 1174 die
512 1108 611 1173 'idem
638 1128 698 1171 rex
727 1107 770 1172 ab
800 1105 989 1170 infidelibus
1014 1105 1051 1169 in
1080 1104 1165 1171 bello
1196 1103 1407 1190 corporaliter
1431 1125 1488 1169 ex-

436 1211 571 1286 tinctus,
598 1231 677 1274 mox
700 1209 744 1273 ad
773 1229 913 1294 superna
938 1208 1122 1272 animarum
1152 1208 1274 1293 gaudia
1302 1211 1488 1293 assumptus

437 1315 474 1378 in
489 1311 605 1377 coelum
623 1315 659 1376 et
676 1311 852 1376 electorum
867 1315 918 1374 est
932 1310 1073 1374 sociatus
1088 1308 1283 1395 agminibus.
1330 1309 1487 1388 Quaerant

438 1417 475 1481 in
498 1415 566 1480 suis
585 1414 763 1490 codicibus,
788 1411 968 1497 inquibus
999 1411 1226 1476 defimctorum
1251 1416 1301 1476 est
1331 1415 1488 1475 annotata

438 1519 606 1605 depositio,
631 1520 666 1580 et
679 1515 852 1580 invenient
866 1513 961 1579 illum
976 1513 1046 1592 hac,
1067 1519 1107 1578 ut
1122 1513 1274 1590 diximus,
1291 1513 1489 1599 disruptum

439 1642 508 1686 esse
543 1620 584 1684 de
613 1617 737 1684 saeculo.
800 1613 989 1682 Celebrent¹
1026 1637 1103 1702 ergo
1133 1617 1249 1682 missas
1281 1637 1340 1702 per
1373 1622 1490 1680 amota

439 1721 630 1788 monasterii
657 1720 800 1786 oratoria
822 1718 930 1797 huius,
954 1719 1023 1783 sive
1046 1717 1129 1804 pro²
1159 1719 1341 1804 gratiarum
1363 1719 1491 1784 actione
1603 1801 1605 1809 y

440 1826 607 1892 exauditae
637 1845 705 1889 suae
733 1821 976 1908 deprecationis,
1011 1820 1081 1884 sive
1111 1819 1212 1886 etiam
1241 1821 1278 1886 in
1302 1821 1490 1886 memoriam

440 1928 572 2017 praefati
607 1927 692 2012 regis
722 1923 877 1999 Oswaldi,
918 1921 976 2007 qui
1013 1921 1180 2007 quondam
1217 1923 1363 2009 ipsorum
1396 1923 1488 2009 genti

440 2033 590 2118 praeerat,
616 2027 754 2112 ideoque
776 2047 835 2111 pro
859 2025 906 2090 eis
930 2025 1024 2110 quasi
1046 2045 1105 2110 pro
1132 2045 1200 2090 suae
1223 2025 1332 2112 gentis
1356 2024 1492 2090 advenis

442 2132 580 2218 supplex
606 2129 722 2195 orabat
758 2128 801 2193 od
832 2127 1031 2193 Dominum:
1069 2129 1104 2192 et
1134 2127 1261 2192 condis
1299 2127 1492 2193 convenien-

442 2234 532 2298 tibus
559 2233 603 2296 ad
626 2231 792 2296 eeclesiam
814 2227 979 2304 fratribus,
1005 2228 1246 2294 eommunicent
1265 2251 1378 2294 omnes
1399 2227 1494 2293 sacri-

443 2335 526 2398 ficiis
555 2331 751 2408 coelestibus,
783 2332 897 2395 etita
926 2331 1033 2395 soluto
1064 2328 1186 2394 ieiunio
1221 2351 1337 2416 corpus
1367 2351 1494 2415 quoque

444 2436 511 2502 suis
533 2434 682 2498 reficiant
704 2430 897 2497 alimentis''

430 2595 435 2605 .
491 2536 574 2616 Qua
593 2557 668 2600 cum
690 2535 800 2600 omnia
821 2539 939 2599 vocato
961 2535 1005 2599 ad
1026 2556 1060 2599 se
1083 2533 1272 2620 presbytero
1293 2556 1376 2621 puer
1397 2535 1497 2600 verba

445 2643 617 2716 narrasset,
655 2636 872 2723 interrogavit
918 2657 993 2700 eum
1038 2635 1205 2713 sollicitus,
1240 2637 1353 2722 quales
1389 2641 1497 2702 esseut

445 2741 564 2806 habitu
579 2739 634 2804 vel
653 2739 757 2825 specie
771 2739 836 2802 viri
851 2738 910 2824 qui
932 2737 995 2802 sibi
1017 2737 1250 2824 apparuissent.
1297 2738 1496 2825 Respondit:

448 2843 628 2910 “Praeclari
652 2841 784 2909 omuino
814 2840 947 2905 habitus
971 2845 1005 2906 et
1026 2839 1139 2905 vultus
1162 2844 1263 2919 erant,
1279 2841 1439 2907 laetissimi
1460 2863 1499 2907 ac

446 2946 663 3035 pulcherrimi,
702 2943 815 3029 quales
859 2964 1028 3027 nunquam
1065 2948 1164 3007 antea
1200 2943 1355 3022 videram,
1394 2966 1500 3030 usque

447 3050 575 3136 aliquos
596 3046 767 3113 hominum
789 3045 878 3109 tanti
900 3044 1023 3109 decoris
1045 3064 1083 3108 ae
1105 3047 1288 3111 venustatis
1318 3057 1386 3113 esse
1407 3070 1500 3133 posse

449 3152 627 3218 credebam.
678 3148 775 3213 Unus
814 3145 948 3231 quidem
985 3150 1135 3211 attonsus
1173 3153 1244 3214 erat
1280 3154 1320 3214 ut
1357 3150 1499 3229 clericus,

449 3255 533 3319 alius
570 3250 706 3316 barbam
744 3247 888 3313 habebat
925 3247 1112 3334 prolixam:
1160 3248 1375 3337 dicebantque
1412 3252 1500 3337 quod

449 3377 536 3420 unus
565 3374 677 3419 eorum
708 3350 834 3428 Petrus,
865 3347 949 3415 alius
979 3350 1160 3415 vocabatur
1196 3352 1326 3429 Paulus,
1366 3359 1400 3420 et
1436 3354 1500 3441 ipsi

451 3460 559 3521 essent
580 3452 723 3517 ministri
745 3452 880 3517 Domini
896 3456 930 3517 et
946 3450 1126 3518 salvatoris
1148 3454 1252 3519 nostri
1276 3454 1352 3521 Iesu
1369 3455 1500 3533 Christi,

451 3558 496 3622 ad
515 3554 691 3620 tuitionem
714 3554 819 3618 nostri
833 3555 1025 3620 monasterii
1045 3555 1135 3620 missi
1161 3555 1204 3621 ab
1227 3556 1298 3643 ipso
1321 3558 1362 3623 de
1385 3558 1502 3624 coelis.''

453 3657 602 3725 Credidit
624 3677 700 3742 ergo
714 3655 824 3721 verbis
846 3658 940 3743 pueri
962 3659 1140 3744 presbyter,
1162 3681 1200 3725 ac
1221 3661 1336 3725 statim
1358 3684 1502 3749 egissesus

452 3758 625 3848 requisivit
653 3758 691 3823 in
719 3758 830 3823 anuali
860 3780 928 3835 suo,
960 3766 995 3825 et
1024 3760 1153 3827 invenit
1190 3762 1304 3828 eadem
1340 3764 1411 3851 ipsa
1448 3764 1502 3830 die

454 3862 646 3930 Oswaldum
676 3882 785 3948 regem
807 3859 908 3927 irrisae
932 3870 1157 3949 peremptum:
1182 3866 1372 3951 vocatisque
1394 3866 1503 3933 fratri-

452 3967 523 4046 bus,
570 3964 679 4052 parari
726 3962 910 4049 prandium,
958 3965 1073 4030 missas
1121 3966 1200 4043 fieri,
1248 3971 1348 4053 atque
1393 3992 1503 4036 omnes

453 4069 690 4136 communicare
712 4088 801 4132 more
823 4065 920 4131 solito
943 4068 1118 4154 praecepit:
1146 4068 1244 4134 simul
1266 4076 1300 4136 et
1322 4070 1504 4137 infirmanti

453 4194 554 4258 puero
584 4171 624 4234 de
654 4169 768 4235 eodem
805 4169 961 4264 sacrificio
991 4170 1171 4236 Dominicro
1201 4171 1375 4239 oblationis
1404 4176 1504 4261 parti·

455 4274 563 4338 culam
587 4268 705 4336 deferri
728 4272 909 4336 mandavit.

501 4371 631 4453 Quibus
655 4372 705 4437 ita
733 4374 841 4458 gestis,
872 4396 940 4439 non
970 4374 1075 4441 multo
1105 4381 1179 4463 post
1209 4377 1322 4443 eudem
1353 4378 1423 4466 ipsa
1452 4380 1506 4447 die

494 4716 653 4786 walecras]
672 4718 813 4784 Celebrant,
825 4722 882 4775 MS.
973 4720 980 4791 Ι
1037 4724 1116 4793 ’pro]
1136 4726 1268 4792 pendi&
1286 4726 1508 4794 meedlml.
