3542 5800
475 914 523 964 ns
544 913 663 964 ousrrs
685 912 806 962 ssuou
827 910 1012 962 suun-11.
1036 895 1087 960 45.
1248 895 1307 958 181

257 1105 454 1186 sequeretur.
493 1099 675 1186 Respondit
689 1098 917 1186 AEgelbertus:
944 1105 962 1134 “
973 1097 1151 1185 Loquetur,
1168 1105 1308 1175 obsecro,
1338 1101 1479 1172 AEgeltert.

255 1204 328 1268 vioe
364 1224 440 1268 mes
476 1202 654 1288 discipulus
684 1223 777 1268 meus
810 1200 981 1266 Wilfridus
1016 1199 1194 1288 presbyter,
1230 1200 1310 1286 quie

256 1325 359 1368 unum
397 1303 496 1369 umbo
532 1303 676 1389 sapimus
712 1324 787 1368 oum
823 1304 939 1369 ceteris
977 1303 1034 1388 qui
1072 1302 1126 1368 hio
1162 1301 1308 1368 assident

256 1405 478 1473 eoelesisstieoe
509 1404 700 1472 traditionis
732 1405 936 1485 cultoribus3
970 1409 1004 1471 et
1034 1403 1090 1470 ille
1124 1403 1239 1470 melius
1273 1425 1311 1470 so

255 1507 460 1574 manifestius
491 1507 564 1595 ipse
595 1507 713 1594 lingue
733 1507 927 1595 Anglorum‚
951 1527 1050 1594 quum
1084 1527 1145 1594 ego
1176 1527 1234 1594 per
1259 1507 1311 1572 iu·

255 1607 457 1696 terpretem,¹
498 1614 609 1697 potest
644 1608 822 1698 explsnure
858 1630 934 1695 quur
978 1607 1167 1676 sentimus’'
1227 1607 1312 1674 Tum

256 1709 437 1790 Wilfn'dus,
468 1711 602 1778 iubente
639 1731 716 1799 rege
753 1715 794 1776 nt
815 1710 947 1791 dieeret,
980 1711 1030 1776 ite
1066 1731 1200 1776 exorsus
1237 1714 1309 1776 est:
1330 1718 1442 1772 whffid.

258 1820 277 1848 “
292 1811 417 1879 Pusehn
438 1814 530 1900 quod
562 1812 728 1892 facimus,”
757 1813 875 1900 inquit,
902 1811 1075 1878 “vidimus
1105 1811 1228 1891 Romae,
1252 1811 1311 1877 ubi

256 1913 347 1980 beuti
380 1915 521 2002 apostoli
554 1914 673 1982 Petrus
705 1921 741 1982 et
774 1913 898 1980 Penius
928 1915 1309 1991 vixenmt,doener1mt,

260 2017 347 2102 pessi
378 2023 457 2084 sunt
489 2022 525 2084 et
554 2016 677 2105 sepulti
718 2016 762 2083 uh
795 2016 947 2084 omuibus
978 2015 1153 2084 oelebmri:
1181 2015 1243 2082 hoo
1274 2015 1310 2080 in

257 2117 365 2196 Itum
399 2118 461 2185 hoe
488 2120 526 2186 iu
555 2119 672 2198 Galia,
702 2141 784 2206 quus
805 2117 951 2186 disoeudi
972 2119 1026 2184 vel
1055 2117 1170 2185 orandi
1199 2116 1310 2184 studio

257 2221 538 2307 pertransivimus,
583 2221 627 2286 ub
664 2221 817 2288 omnibns
853 2220 909 2308 egi
953 2219 1203 2308 conspeximus:
1249 2218 1310 2286 hoo

227 2379 230 2383 ,
258 2322 414 2399 Africam,
430 2323 553 2400 Auium,
569 2323 762 2411 AEgyptum,
787 2321 956 2400 Graeciam,
980 2327 1015 2388 et
1037 2344 1165 2388 omnem
1188 2321 1308 2398 orbem,

257 2446 451 2510 quoeunque
492 2425 620 2492 Christi
658 2426 792 2492 eeclesia
829 2424 948 2490 diffusa
981 2428 1039 2503 est,
1074 2446 1132 2512 per
1165 2425 1309 2490 diversas

257 2527 409 2592 ustiones
446 2533 481 2593 et
524 2527 663 2614 linguas,
702 2549 769 2593 uno
806 2548 845 2592 eo
882 2549 949 2594 nou
987 2527 1116 2594 diverso
1153 2527 1309 2612 temporis

257 2630 371 2695 ordine
392 2629 463 2716 geri
495 2629 732 2716 oomperimus:
765 2633 885 2717 praeter
916 2629 975 2694 hos
997 2633 1130 2695 tentum
1152 2633 1186 2694 et
1209 2619 1310 2695 obsti-

256 2730 401 2796 nationis
429 2753 542 2796 eorum
564 2733 743 2818 oomplioes,
768 2730 878 2796 Pictos
902 2731 973 2796 dieo
996 2735 1031 2796 et
1053 2731 1212 2808 Britones,
1233 2753 1309 2796 enm

259 2833 379 2919 quibus
394 2833 435 2898 de
450 2833 578 2900 duabus
594 2833 722 2900 ultimis
741 2832 870 2900 ooenni'
884 2831 1006 2912 insulis,
1024 2836 1058 2897 et
1072 2833 1124 2900 his
1139 2855 1206 2898 non
1221 2834 1308 2911 totis,

257 2942 372 3002 eontra
394 2942 504 3001 totum
527 2936 639 3032 ophem
661 2936 764 3003 stulto
786 2935 916 3001 lahore³
938 2934 1117 3024 pugrmnt’'
1155 2936 1219 3001 Oui
1241 2934 1309 3001 haeo

258 3038 380 3103 dioenti
409 3039 578 3125 respondit
602 3038 820 3104 Oolrnnnnus:
855 3036 1007 3101 “Mirum
1039 3058 1140 3123 quere
1169 3037 1309 3102 stultum
1323 3052 1436 3107 column

258 3140 421 3227 appellere
446 3140 557 3205 velitis
586 3140 731 3206 lahorem
761 3143 918 3215 nostrum,
946 3138 982 3202 in
1013 3160 1078 3225 quo
1107 3138 1195 3204 tenti
1217 3160 1309 3225 epos·

257 3242 328 3320 toli,
356 3242 415 3327 qui
445 3263 543 3328 super
572 3248 687 3329 pectus
718 3241 856 3309 Domini
878 3241 1064 3307 recumbere
1087 3242 1205 3329 diguus
1235 3241 1309 3320 huit,

259 3344 411 3431 exemplu
441 3350 623 3425 sectemur3
661 3366 735 3411 eum
772 3346 880 3432 ipsum
918 3343 1155 3431 sapientissime
1189 3343 1311 3411 vixisse

261 3448 368 3512 omnis
391 3446 535 3511 mundus
559 3446 717 3515 noverit’'
754 3448 803 3512 At
818 3446 999 3527 wilfridus,
1024 3455 1042 3483 “
1051 3446 1178 3525 Absit‚”
1192 3446 1311 3534 inquit,
1321 3454 1431 3509 wilfrid

261 3557 280 3584 “
289 3553 330 3614 nt
343 3548 534 3615 Johunnem
556 3549 711 3616 stultitiae
733 3550 1014 3637 reprehendamus,
1032 3572 1104 3615 oum
1127 3551 1209 3617 scite
1230 3551 1311 3638 legis

261 3651 415 3717 Mosuioae
448 3651 545 3717 iuxta
576 3652 722 3717 litteram
755 3658 908 3730 servaret,
932 3652 1121 3719 iudsizente
1143 3653 1250 3719 udhue
1276 3654 1312 3719 in

263 3754 379 3819 multis
400 3754 539 3831 eeclesia,
572 3776 632 3820 neo
662 3754 773 3821 subito
794 3754 982 3820 valentibus
1005 3755 1158 3841 apostolis
1181 3776 1310 3821 omnem

261 3856 342 3942 legis
364 3855 616 3934 observantium,
640 3878 715 3943 quse
746 3880 768 3922 s
789 3856 861 3922 Deo
883 3857 1040 3922 institute
1066 3860 1123 3937 est,
1148 3856 1307 3935 abdicere,

262 3958 424 4045 quomodo
455 3960 637 4035 simulacre,
669 3982 744 4046 quse
775 3982 796 4024 n
826 3959 1032 4025 demonibus
1065 3960 1201 4024 invente
1223 3964 1309 4036 sunt,

260 4062 432 4148 repudiare
465 4084 578 4127 omnes
609 4062 666 4148 qui
697 4063 741 4129 ad
771 4062 870 4127 fidem
902 4061 1050 4139 veniunt,
1077 4080 1205 4126 neeesse
1237 4064 1307 4127 eet:

259 4164 413 4230 videlieet
441 4186 484 4230 ue
517 4164 706 4230 scandulum
736 4164 880 4230 fenerent
910 4164 957 4229 eis
988 4162 1045 4249 qui
1076 4161 1164 4227 inter
1196 4166 1310 4249 gentes

260 4271 354 4333 erant
376 4264 505 4332 Iudaeis.
551 4266 642 4333 Hine
664 4271 714 4333 est
735 4267 824 4333 enim
846 4266 933 4352 quod
957 4265 1078 4331 Paulus
1102 4264 1310 4333 Timotheum

260 4369 472 4446 circumcidit,
507 4369 597 4456 qnod
626 4368 750 4436 hostius
780 4370 817 4435 in
847 4368 971 4456 templo
1003 4366 1195 4447 immolavit,
1224 4371 1313 4457 quod

261 4494 336 4539 oum
367 4472 491 4559 Aquila
521 4479 556 4539 et
587 4470 734 4539 Priscillu
766 4477 865 4559 ouput
889 4470 1040 4540 Corinthi
1070 4472 1235 4540 totondit:
1269 4473 1312 4541 ad

295 4772 480 4840 ’ἐπέψω
498 4772 628 4838 inpretem,
638 4772 695 4825 MS.
844 4772 958 4842 'lahore]
971 4776 1092 4838 laborare,
1100 4774 1156 4829 MS.
1190 4774 1310 4828 SeeBsd.

296 4852 416 4920 'eumq
435 4852 544 4916 oomni,
555 4852 613 4906 MS.
811 4852 847 4903 iii.
859 4858 899 4904 25.
