<?xml version="1.0" encoding="UTF-8"?>
<!DOCTYPE html PUBLIC "-//W3C//DTD XHTML 1.0 Transitional//EN"
    "http://www.w3.org/TR/xhtml1/DTD/xhtml1-transitional.dtd">
<html xmlns="http://www.w3.org/1999/xhtml" xml:lang="en" lang="en">
 <head>
  <title>
</title>
<meta http-equiv="Content-Type" content="text/html;charset=utf-8" />
  <meta name='ocr-system' content='tesseract 3.04.00' />
  <meta name='ocr-capabilities' content='ocr_page ocr_carea ocr_par ocr_line ocrx_word'/>
</head>
<body>
  <div class='ocr_page' id='page_1' title='image "./speculumhistori01mayogoog_0167.png"; bbox 0 0 3542 5800; ppageno 0'>
   <div class='ocr_carea' id='block_1_1' title="bbox 458 864 1236 927">
    <p class='ocr_par' dir='ltr' id='par_1_1' title="bbox 458 864 1236 927">
     <span class='ocr_line' id='line_1_1' title="bbox 458 864 1236 927; baseline 0 -2"><span class='ocrx_word' id='word_1_1' title='bbox 458 864 522 927; x_wconf 82' lang='lat'><strong>152</strong></span> <span class='ocrx_word' id='word_1_2' title='bbox 723 876 788 927; x_wconf 79' lang='lat' dir='ltr'><strong>mc</strong></span> <span class='ocrx_word' id='word_1_3' title='bbox 811 876 858 925; x_wconf 83' lang='lat' dir='ltr'><strong>us</strong></span> <span class='ocrx_word' id='word_1_4' title='bbox 880 874 1015 925; x_wconf 73' lang='lat' dir='ltr'><strong>cresso.</strong></span> <span class='ocrx_word' id='word_1_5' title='bbox 1040 875 1126 925; x_wconf 79' lang='lat' dir='ltr'><strong>senc</strong></span> <span class='ocrx_word' id='word_1_6' title='bbox 1151 874 1236 925; x_wconf 77' lang='lat' dir='ltr'><strong>mss.</strong></span> 
     </span>
    </p>
   </div>
   <div class='ocr_carea' id='block_1_2' title="bbox 447 1062 1559 4847">
    <p class='ocr_par' dir='ltr' id='par_1_2' title="bbox 447 1062 1545 4129">
     <span class='ocr_line' id='line_1_2' title="bbox 454 1062 1507 1151; baseline -0.001 -22"><span class='ocrx_word' id='word_1_7' title='bbox 454 1085 543 1150; x_wconf 64' lang='lat' dir='ltr'><strong>tegre</strong></span> <span class='ocrx_word' id='word_1_8' title='bbox 568 1063 704 1129; x_wconf 86' lang='lat' dir='ltr'><strong>veniens</strong></span> <span class='ocrx_word' id='word_1_9' title='bbox 732 1064 872 1151; x_wconf 81' lang='lat' dir='ltr'><strong>suspirie</strong></span> <span class='ocrx_word' id='word_1_10' title='bbox 901 1062 1003 1128; x_wconf 86' lang='lat' dir='ltr'><strong>flebili</strong></span> <span class='ocrx_word' id='word_1_11' title='bbox 1030 1082 1109 1129; x_wconf 85' lang='lat' dir='ltr'><strong>voce</strong></span> <span class='ocrx_word' id='word_1_12' title='bbox 1134 1062 1215 1127; x_wconf 78' lang='lat' dir='ltr'><strong>talio</strong></span> <span class='ocrx_word' id='word_1_13' title='bbox 1241 1078 1367 1127; x_wconf 86' lang='lat' dir='ltr'><strong>mecum</strong></span> <span class='ocrx_word' id='word_1_14' title='bbox 1393 1082 1507 1148; x_wconf 85' lang='lat' dir='ltr'><strong>querc·</strong></span> 
     </span>
     <span class='ocr_line' id='line_1_3' title="bbox 454 1164 1507 1255; baseline 0 -24"><span class='ocrx_word' id='word_1_15' title='bbox 454 1167 574 1232; x_wconf 80' lang='lat' dir='ltr'><strong>betur:</strong></span> <span class='ocrx_word' id='word_1_16' title='bbox 616 1167 762 1247; x_wconf 51' lang='lat' dir='ltr'><strong>‘Videt</strong></span> <span class='ocrx_word' id='word_1_17' title='bbox 798 1166 917 1255; x_wconf 75' lang='lat' dir='ltr'><strong>inquit,</strong></span> <span class='ocrx_word' id='word_1_18' title='bbox 959 1165 1057 1251; x_wconf 84' lang='lat' dir='ltr'><strong>‘quio</strong></span> <span class='ocrx_word' id='word_1_19' title='bbox 1103 1164 1299 1250; x_wconf 75' lang='lat' dir='ltr'><strong>iamiamque</strong></span> <span class='ocrx_word' id='word_1_20' title='bbox 1346 1170 1507 1231; x_wconf 73' lang='lat' dir='ltr'>crescente</span> 
     </span>
     <span class='ocr_line' id='line_1_4' title="bbox 453 1268 1506 1355; baseline -0.001 -21"><span class='ocrx_word' id='word_1_21' title='bbox 453 1268 595 1355; x_wconf 89' lang='lat' dir='ltr'><strong>corporis</strong></span> <span class='ocrx_word' id='word_1_22' title='bbox 640 1270 792 1336; x_wconf 77' lang='lat' dir='ltr'><strong>molestia</strong></span> <span class='ocrx_word' id='word_1_23' title='bbox 840 1270 884 1334; x_wconf 82' lang='lat' dir='ltr'><strong>ad</strong></span> <span class='ocrx_word' id='word_1_24' title='bbox 935 1268 1110 1334; x_wconf 75' lang='lat' dir='ltr'><strong>articulum</strong></span> <span class='ocrx_word' id='word_1_25' title='bbox 1167 1268 1345 1333; x_wconf 85' lang='lat' dir='ltr'><strong>subeundae</strong></span> <span class='ocrx_word' id='word_1_26' title='bbox 1391 1268 1506 1333; x_wconf 76' lang='lat' dir='ltr'><strong>morus</strong></span> 
     </span>
     <span class='ocr_line' id='line_1_5' title="bbox 455 1370 1505 1459; baseline -0.001 -22"><span class='ocrx_word' id='word_1_27' title='bbox 455 1373 650 1459; x_wconf 84' lang='lat' dir='ltr'><strong>compellor:</strong></span> <span class='ocrx_word' id='word_1_28' title='bbox 697 1395 758 1438; x_wconf 87' lang='lat' dir='ltr'><strong>nec</strong></span> <span class='ocrx_word' id='word_1_29' title='bbox 802 1372 919 1438; x_wconf 72' lang='lat' dir='ltr'><strong>dubito</strong></span> <span class='ocrx_word' id='word_1_30' title='bbox 962 1392 1015 1436; x_wconf 87' lang='lat' dir='ltr'><strong>me</strong></span> <span class='ocrx_word' id='word_1_31' title='bbox 1060 1376 1134 1457; x_wconf 77' lang='lat' dir='ltr'><strong>post</strong></span> <span class='ocrx_word' id='word_1_32' title='bbox 1179 1374 1319 1435; x_wconf 82' lang='lat' dir='ltr'><strong>mortem</strong></span> <span class='ocrx_word' id='word_1_33' title='bbox 1363 1370 1505 1456; x_wconf 81' lang='lat' dir='ltr'><strong>corporis</strong></span> 
     </span>
     <span class='ocr_line' id='line_1_6' title="bbox 454 1470 1504 1562; baseline -0.001 -24"><span class='ocrx_word' id='word_1_34' title='bbox 454 1475 568 1540; x_wconf 70' lang='lat' dir='ltr'><strong>stetim</strong></span> <span class='ocrx_word' id='word_1_35' title='bbox 613 1476 656 1540; x_wconf 87' lang='lat' dir='ltr'><strong>ad</strong></span> <span class='ocrx_word' id='word_1_36' title='bbox 708 1483 900 1562; x_wconf 78' lang='lat' dir='ltr'><strong>perpetuom</strong></span> <span class='ocrx_word' id='word_1_37' title='bbox 945 1473 1064 1539; x_wconf 84' lang='lat' dir='ltr'><strong>enimae</strong></span> <span class='ocrx_word' id='word_1_38' title='bbox 1119 1476 1258 1538; x_wconf 83' lang='lat' dir='ltr'><strong>mortem</strong></span> <span class='ocrx_word' id='word_1_39' title='bbox 1303 1470 1504 1558; x_wconf 83' lang='lat' dir='ltr'><strong>rapicndum,</strong></span> 
     </span>
     <span class='ocr_line' id='line_1_7' title="bbox 454 1574 1506 1662; baseline 0 -21"><span class='ocrx_word' id='word_1_40' title='bbox 454 1583 553 1662; x_wconf 72' lang='lat' dir='ltr'><strong>atque</strong></span> <span class='ocrx_word' id='word_1_41' title='bbox 590 1578 805 1644; x_wconf 76' lang='lat' dir='ltr'><strong>infernalibus</strong></span> <span class='ocrx_word' id='word_1_42' title='bbox 841 1576 1049 1643; x_wconf 84' lang='lat' dir='ltr'><strong>subdendum</strong></span> <span class='ocrx_word' id='word_1_43' title='bbox 1087 1596 1154 1641; x_wconf 87' lang='lat' dir='ltr'><strong>esse</strong></span> <span class='ocrx_word' id='word_1_44' title='bbox 1192 1574 1382 1649; x_wconf 64' lang='lat' dir='ltr'><strong>conuentis:</strong></span> <span class='ocrx_word' id='word_1_45' title='bbox 1428 1576 1506 1660; x_wconf 81' lang='lat' dir='ltr'><strong>quio</strong></span> 
     </span>
     <span class='ocr_line' id='line_1_8' title="bbox 454 1676 1505 1768; baseline -0.001 -24"><span class='ocrx_word' id='word_1_46' title='bbox 454 1686 600 1766; x_wconf 73' lang='lat' dir='ltr'><strong>tempore</strong></span> <span class='ocrx_word' id='word_1_47' title='bbox 645 1703 713 1747; x_wconf 88' lang='lat' dir='ltr'><strong>nou</strong></span> <span class='ocrx_word' id='word_1_48' title='bbox 749 1702 853 1768; x_wconf 83' lang='lat' dir='ltr'><strong>pauco</strong></span> <span class='ocrx_word' id='word_1_49' title='bbox 891 1679 979 1745; x_wconf 72' lang='lat' dir='ltr'><strong>inber</strong></span> <span class='ocrx_word' id='word_1_50' title='bbox 1023 1677 1134 1744; x_wconf 73' lang='lat' dir='ltr'><strong>studio</strong></span> <span class='ocrx_word' id='word_1_51' title='bbox 1178 1676 1312 1743; x_wconf 76' lang='lat' dir='ltr'><strong>Divinae</strong></span> <span class='ocrx_word' id='word_1_52' title='bbox 1355 1676 1505 1743; x_wconf 69' lang='lat' dir='ltr'><strong>lectionis</strong></span> 
     </span>
     <span class='ocr_line' id='line_1_9' title="bbox 453 1778 1503 1871; baseline -0.002 -24"><span class='ocrx_word' id='word_1_53' title='bbox 453 1783 612 1849; x_wconf 74' lang='lat' dir='ltr'><strong>viciorum</strong></span> <span class='ocrx_word' id='word_1_54' title='bbox 644 1784 756 1871; x_wconf 71' lang='lat' dir='ltr'><strong>potius</strong></span> <span class='ocrx_word' id='word_1_55' title='bbox 785 1780 1037 1870; x_wconf 71' lang='lat' dir='ltr'><strong>implicamentis</strong></span> <span class='ocrx_word' id='word_1_56' title='bbox 1064 1802 1163 1867; x_wconf 85' lang='lat' dir='ltr'><strong>quem</strong></span> <span class='ocrx_word' id='word_1_57' title='bbox 1197 1778 1329 1843; x_wconf 81' lang='lat' dir='ltr'><strong>Divinis</strong></span> <span class='ocrx_word' id='word_1_58' title='bbox 1360 1779 1503 1845; x_wconf 81' lang='lat' dir='ltr'>solebam</span> 
     </span>
     <span class='ocr_line' id='line_1_10' title="bbox 453 1880 1504 1967; baseline -0.001 -17"><span class='ocrx_word' id='word_1_59' title='bbox 453 1887 577 1952; x_wconf 88' lang='lat' dir='ltr'><strong>servire</strong></span> <span class='ocrx_word' id='word_1_60' title='bbox 607 1887 780 1953; x_wconf 75' lang='lat' dir='ltr'><strong>mendatis</strong></span> <span class='ocrx_word' id='word_1_61' title='bbox 827 1885 922 1951; x_wconf 78' lang='lat' dir='ltr'><strong>Inest</strong></span> <span class='ocrx_word' id='word_1_62' title='bbox 955 1888 1068 1949; x_wconf 70' lang='lat' dir='ltr'><strong>eutem</strong></span> <span class='ocrx_word' id='word_1_63' title='bbox 1100 1882 1218 1957; x_wconf 87' lang='lat' dir='ltr'><strong>enimc,</strong></span> <span class='ocrx_word' id='word_1_64' title='bbox 1243 1881 1271 1946; x_wconf 90' lang='lat' dir='ltr'><strong>si</strong></span> <span class='ocrx_word' id='word_1_65' title='bbox 1294 1880 1375 1945; x_wconf 89' lang='lat' dir='ltr'><strong>mihi</strong></span> <span class='ocrx_word' id='word_1_66' title='bbox 1398 1883 1504 1967; x_wconf 68' lang='lat' dir='ltr'><strong>pieios</strong></span> 
     </span>
     <span class='ocr_line' id='line_1_11' title="bbox 452 1983 1504 2076; baseline -0.002 -23"><span class='ocrx_word' id='word_1_67' title='bbox 452 2011 594 2076; x_wconf 84' lang='lat' dir='ltr'><strong>superne</strong></span> <span class='ocrx_word' id='word_1_68' title='bbox 638 1989 750 2076; x_wconf 81' lang='lat' dir='ltr'><strong>alique</strong></span> <span class='ocrx_word' id='word_1_69' title='bbox 793 1987 931 2055; x_wconf 84' lang='lat' dir='ltr'><strong>vivendi</strong></span> <span class='ocrx_word' id='word_1_70' title='bbox 987 1986 1095 2073; x_wconf 75' lang='lat' dir='ltr'><strong>spatio</strong></span> <span class='ocrx_word' id='word_1_71' title='bbox 1138 1984 1320 2061; x_wconf 78' lang='lat' dir='ltr'><strong>donaverit,</strong></span> <span class='ocrx_word' id='word_1_72' title='bbox 1367 1983 1504 2051; x_wconf 77' lang='lat' dir='ltr'><strong>vitiosos</strong></span> 
     </span>
     <span class='ocr_line' id='line_1_12' title="bbox 452 2086 1503 2178; baseline -0.002 -23"><span class='ocrx_word' id='word_1_73' title='bbox 452 2114 558 2158; x_wconf 86' lang='lat' dir='ltr'><strong>mores</strong></span> <span class='ocrx_word' id='word_1_74' title='bbox 587 2092 753 2178; x_wconf 84' lang='lat' dir='ltr'><strong>corrigere,</strong></span> <span class='ocrx_word' id='word_1_75' title='bbox 792 2094 893 2175; x_wconf 75' lang='lat' dir='ltr'><strong>atque</strong></span> <span class='ocrx_word' id='word_1_76' title='bbox 930 2089 973 2153; x_wconf 83' lang='lat' dir='ltr'><strong>ed</strong></span> <span class='ocrx_word' id='word_1_77' title='bbox 1013 2087 1187 2175; x_wconf 88' lang='lat' dir='ltr'><strong>imperium</strong></span> <span class='ocrx_word' id='word_1_78' title='bbox 1222 2086 1355 2152; x_wconf 79' lang='lat' dir='ltr'><strong>Diviuce</strong></span> <span class='ocrx_word' id='word_1_79' title='bbox 1387 2086 1503 2153; x_wconf 89' lang='lat' dir='ltr'><strong>volun·</strong></span> 
     </span>
     <span class='ocr_line' id='line_1_13' title="bbox 452 2188 1502 2278; baseline -0.002 -21"><span class='ocrx_word' id='word_1_80' title='bbox 452 2193 532 2257; x_wconf 69' lang='lat' dir='ltr'><strong>tatis</strong></span> <span class='ocrx_word' id='word_1_81' title='bbox 564 2198 672 2260; x_wconf 69' lang='lat' dir='ltr'><strong>cotom</strong></span> <span class='ocrx_word' id='word_1_82' title='bbox 704 2215 747 2258; x_wconf 85' lang='lat' dir='ltr'><strong>ex</strong></span> <span class='ocrx_word' id='word_1_83' title='bbox 779 2192 908 2278; x_wconf 70' lang='lat' dir='ltr'><strong>integro</strong></span> <span class='ocrx_word' id='word_1_84' title='bbox 940 2195 1085 2256; x_wconf 73' lang='lat' dir='ltr'><strong>mentem</strong></span> <span class='ocrx_word' id='word_1_85' title='bbox 1117 2188 1286 2273; x_wconf 68' lang='lat' dir='ltr'><strong>vitemque</strong></span> <span class='ocrx_word' id='word_1_86' title='bbox 1317 2188 1502 2255; x_wconf 75' lang='lat' dir='ltr'><strong>transferre</strong></span> 
     </span>
     <span class='ocr_line' id='line_1_14' title="bbox 451 2290 1502 2368; baseline -0.002 -9"><span class='ocrx_word' id='word_1_87' title='bbox 451 2295 577 2360; x_wconf 83' lang='lat' dir='ltr'><strong>Verum</strong></span> <span class='ocrx_word' id='word_1_88' title='bbox 608 2295 688 2360; x_wconf 89' lang='lat' dir='ltr'><strong>novi</strong></span> <span class='ocrx_word' id='word_1_89' title='bbox 720 2317 788 2359; x_wconf 93' lang='lat' dir='ltr'><strong>non</strong></span> <span class='ocrx_word' id='word_1_90' title='bbox 820 2294 881 2359; x_wconf 92' lang='lat' dir='ltr'><strong>hoc</strong></span> <span class='ocrx_word' id='word_1_91' title='bbox 916 2315 984 2358; x_wconf 85' lang='lat' dir='ltr'><strong>esse</strong></span> <span class='ocrx_word' id='word_1_92' title='bbox 1021 2291 1132 2358; x_wconf 78' lang='lat' dir='ltr'><strong>meriti</strong></span> <span class='ocrx_word' id='word_1_93' title='bbox 1167 2291 1240 2368; x_wconf 90' lang='lat' dir='ltr'><strong>mei,</strong></span> <span class='ocrx_word' id='word_1_94' title='bbox 1276 2295 1316 2356; x_wconf 70' lang='lat' dir='ltr'><strong>ut</strong></span> <span class='ocrx_word' id='word_1_95' title='bbox 1353 2290 1502 2357; x_wconf 81' lang='lat' dir='ltr'><strong>inducias</strong></span> 
     </span>
     <span class='ocr_line' id='line_1_15' title="bbox 452 2395 1503 2483; baseline -0.002 -22"><span class='ocrx_word' id='word_1_96' title='bbox 452 2398 587 2462; x_wconf 86' lang='lat' dir='ltr'><strong>vivendi</strong></span> <span class='ocrx_word' id='word_1_97' title='bbox 616 2398 671 2463; x_wconf 89' lang='lat' dir='ltr'><strong>vel</strong></span> <span class='ocrx_word' id='word_1_98' title='bbox 708 2396 865 2483; x_wconf 81' lang='lat' dir='ltr'><strong>accipiam</strong></span> <span class='ocrx_word' id='word_1_99' title='bbox 894 2395 949 2461; x_wconf 88' lang='lat' dir='ltr'><strong>vel</strong></span> <span class='ocrx_word' id='word_1_100' title='bbox 987 2416 1039 2460; x_wconf 89' lang='lat' dir='ltr'><strong>me</strong></span> <span class='ocrx_word' id='word_1_101' title='bbox 1073 2398 1282 2480; x_wconf 70' lang='lat' dir='ltr'><strong>accepturum</strong></span> <span class='ocrx_word' id='word_1_102' title='bbox 1320 2414 1388 2459; x_wconf 83' lang='lat' dir='ltr'><strong>csse</strong></span> <span class='ocrx_word' id='word_1_103' title='bbox 1426 2415 1503 2459; x_wconf 89' lang='lat' dir='ltr'><strong>con·</strong></span> 
     </span>
     <span class='ocr_line' id='line_1_16' title="bbox 450 2496 1500 2582; baseline -0.003 -17"><span class='ocrx_word' id='word_1_104' title='bbox 450 2500 560 2577; x_wconf 78' lang='lat' dir='ltr'><strong>fidem,</strong></span> <span class='ocrx_word' id='word_1_105' title='bbox 598 2500 662 2564; x_wconf 91' lang='lat' dir='ltr'><strong>nisi</strong></span> <span class='ocrx_word' id='word_1_106' title='bbox 709 2499 794 2564; x_wconf 70' lang='lat' dir='ltr'><strong>forie</strong></span> <span class='ocrx_word' id='word_1_107' title='bbox 840 2498 958 2563; x_wconf 87' lang='lat' dir='ltr'><strong>misero</strong></span> <span class='ocrx_word' id='word_1_108' title='bbox 996 2497 1078 2561; x_wconf 90' lang='lat' dir='ltr'><strong>mihi</strong></span> <span class='ocrx_word' id='word_1_109' title='bbox 1116 2503 1150 2562; x_wconf 78' lang='lat' dir='ltr'><strong>et</strong></span> <span class='ocrx_word' id='word_1_110' title='bbox 1187 2496 1323 2582; x_wconf 85' lang='lat' dir='ltr'><strong>indigno</strong></span> <span class='ocrx_word' id='word_1_111' title='bbox 1361 2496 1500 2577; x_wconf 72' lang='lat' dir='ltr'><strong>veniam,</strong></span> 
     </span>
     <span class='ocr_line' id='line_1_17' title="bbox 450 2598 1502 2689; baseline -0.002 -22"><span class='ocrx_word' id='word_1_112' title='bbox 450 2626 509 2689; x_wconf 90' lang='lat' dir='ltr'><strong>per</strong></span> <span class='ocrx_word' id='word_1_113' title='bbox 531 2602 693 2667; x_wconf 79' lang='lat' dir='ltr'><strong>auxilium</strong></span> <span class='ocrx_word' id='word_1_114' title='bbox 723 2624 836 2667; x_wconf 88' lang='lat' dir='ltr'><strong>eorum</strong></span> <span class='ocrx_word' id='word_1_115' title='bbox 859 2600 917 2686; x_wconf 91' lang='lat' dir='ltr'><strong>qui</strong></span> <span class='ocrx_word' id='word_1_116' title='bbox 950 2600 1000 2665; x_wconf 84' lang='lat' dir='ltr'><strong>illi</strong></span> <span class='ocrx_word' id='word_1_117' title='bbox 1033 2598 1174 2665; x_wconf 73' lang='lat' dir='ltr'><strong>fideliter</strong></span> <span class='ocrx_word' id='word_1_118' title='bbox 1204 2598 1395 2676; x_wconf 55' lang='lat' dir='ltr'><strong>servierunn</strong></span> <span class='ocrx_word' id='word_1_119' title='bbox 1428 2621 1502 2685; x_wconf 92' lang='lat' dir='ltr'><strong>pro-</strong></span> 
     </span>
     <span class='ocr_line' id='line_1_18' title="bbox 451 2702 1503 2793; baseline -0.002 -24"><span class='ocrx_word' id='word_1_120' title='bbox 451 2705 564 2793; x_wconf 69' lang='lat' dir='ltr'><strong>piciari</strong></span> <span class='ocrx_word' id='word_1_121' title='bbox 611 2706 766 2792; x_wconf 72' lang='lat' dir='ltr'><strong>dignatus</strong></span> <span class='ocrx_word' id='word_1_122' title='bbox 811 2704 920 2769; x_wconf 72' lang='lat' dir='ltr'><strong>firerii.</strong></span> <span class='ocrx_word' id='word_1_123' title='bbox 967 2702 1166 2768; x_wconf 83' lang='lat' dir='ltr'><strong>Audivimus</strong></span> <span class='ocrx_word' id='word_1_124' title='bbox 1213 2706 1325 2767; x_wconf 76' lang='lat' dir='ltr'><strong>nucem</strong></span> <span class='ocrx_word' id='word_1_125' title='bbox 1371 2705 1406 2767; x_wconf 73' lang='lat' dir='ltr'><strong>ct</strong></span> <span class='ocrx_word' id='word_1_126' title='bbox 1452 2706 1503 2767; x_wconf 72' lang='lat' dir='ltr'><strong>esi</strong></span> 
     </span>
     <span class='ocr_line' id='line_1_19' title="bbox 449 2802 1502 2893; baseline -0.003 -21"><span class='ocrx_word' id='word_1_127' title='bbox 449 2809 538 2873; x_wconf 81' lang='lat' dir='ltr'><strong>fame</strong></span> <span class='ocrx_word' id='word_1_128' title='bbox 560 2807 775 2883; x_wconf 69' lang='lat' dir='ltr'><strong>celeberrimo„</strong></span> <span class='ocrx_word' id='word_1_129' title='bbox 800 2805 889 2893; x_wconf 94' lang='lat' dir='ltr'><strong>quod</strong></span> <span class='ocrx_word' id='word_1_130' title='bbox 919 2804 1020 2871; x_wconf 79' lang='lat' dir='ltr'><strong>fuerit</strong></span> <span class='ocrx_word' id='word_1_131' title='bbox 1050 2805 1086 2869; x_wconf 91' lang='lat' dir='ltr'><strong>in</strong></span> <span class='ocrx_word' id='word_1_132' title='bbox 1117 2809 1214 2891; x_wconf 73' lang='lat' dir='ltr'><strong>gente</strong></span> <span class='ocrx_word' id='word_1_133' title='bbox 1237 2802 1420 2889; x_wconf 84' lang='lat' dir='ltr'><strong>Anglorum</strong></span> <span class='ocrx_word' id='word_1_134' title='bbox 1442 2826 1502 2869; x_wconf 86' lang='lat' dir='ltr'><strong>rex</strong></span> 
     </span>
     <span class='ocr_line' id='line_1_20' title="bbox 449 2907 1501 2986; baseline -0.006 -8"><span class='ocrx_word' id='word_1_135' title='bbox 449 2913 607 2978; x_wconf 83' lang='lat' dir='ltr'><strong>mirendae</strong></span> <span class='ocrx_word' id='word_1_136' title='bbox 638 2909 831 2986; x_wconf 72' lang='lat' dir='ltr'><strong>sanctiustis,</strong></span> <span class='ocrx_word' id='word_1_137' title='bbox 864 2909 1023 2975; x_wconf 80' lang='lat' dir='ltr'><strong>vocabulo</strong></span> <span class='ocrx_word' id='word_1_138' title='bbox 1056 2907 1236 2984; x_wconf 82' lang='lat' dir='ltr'><strong>Oswcidus,</strong></span> <span class='ocrx_word' id='word_1_139' title='bbox 1271 2907 1363 2972; x_wconf 88' lang='lat' dir='ltr'><strong>cuius</strong></span> <span class='ocrx_word' id='word_1_140' title='bbox 1397 2907 1501 2973; x_wconf 86' lang='lat' dir='ltr'><strong>excel-</strong></span> 
     </span>
     <span class='ocr_line' id='line_1_21' title="bbox 448 3009 1501 3097; baseline -0.006 -16"><span class='ocrx_word' id='word_1_141' title='bbox 448 3015 551 3081; x_wconf 71' lang='lat' dir='ltr'><strong>lentie</strong></span> <span class='ocrx_word' id='word_1_142' title='bbox 581 3015 659 3081; x_wconf 89' lang='lat' dir='ltr'><strong>fidei</strong></span> <span class='ocrx_word' id='word_1_143' title='bbox 689 3019 724 3079; x_wconf 79' lang='lat' dir='ltr'><strong>et</strong></span> <span class='ocrx_word' id='word_1_144' title='bbox 754 3010 890 3077; x_wconf 75' lang='lat' dir='ltr'><strong>virtutis</strong></span> <span class='ocrx_word' id='word_1_145' title='bbox 922 3010 1023 3076; x_wconf 68' lang='lat' dir='ltr'><strong>etiem</strong></span> <span class='ocrx_word' id='word_1_146' title='bbox 1054 3016 1131 3097; x_wconf 69' lang='lat' dir='ltr'><strong>post</strong></span> <span class='ocrx_word' id='word_1_147' title='bbox 1162 3013 1303 3076; x_wconf 78' lang='lat' dir='ltr'><strong>moriem</strong></span> <span class='ocrx_word' id='word_1_148' title='bbox 1336 3009 1501 3076; x_wconf 70' lang='lat' dir='ltr'><strong>virtutum</strong></span> 
     </span>
     <span class='ocr_line' id='line_1_22' title="bbox 447 3105 1501 3205; baseline -0.007 -20"><span class='ocrx_word' id='word_1_149' title='bbox 447 3120 670 3205; x_wconf 82' lang='lat' dir='ltr'><strong>frequentium</strong></span> <span class='ocrx_word' id='word_1_150' title='bbox 708 3114 896 3203; x_wconf 81' lang='lat' dir='ltr'><strong>operatione</strong></span> <span class='ocrx_word' id='word_1_151' title='bbox 934 3112 1095 3178; x_wconf 69' lang='lat' dir='ltr'><strong>clarueriu</strong></span> <span class='ocrx_word' id='word_1_152' title='bbox 1146 3111 1271 3190; x_wconf 88' lang='lat' dir='ltr'><strong>Precor,</strong></span> <span class='ocrx_word' id='word_1_153' title='bbox 1309 3105 1350 3178; x_wconf 29' lang='lat' dir='ltr'><strong>si*</strong></span> <span class='ocrx_word' id='word_1_154' title='bbox 1375 3111 1501 3198; x_wconf 78' lang='lat' dir='ltr'><strong>ediquid</strong></span> 
     </span>
     <span class='ocr_line' id='line_1_23' title="bbox 448 3215 1499 3308; baseline -0.007 -21"><span class='ocrx_word' id='word_1_155' title='bbox 448 3222 661 3308; x_wconf 80' lang='lat' dir='ltr'><strong>reliquiorum</strong></span> <span class='ocrx_word' id='word_1_156' title='bbox 699 3220 789 3284; x_wconf 86' lang='lat' dir='ltr'><strong>illius</strong></span> <span class='ocrx_word' id='word_1_157' title='bbox 831 3237 930 3304; x_wconf 89' lang='lat' dir='ltr'><strong>penes</strong></span> <span class='ocrx_word' id='word_1_158' title='bbox 968 3220 1002 3280; x_wconf 74' lang='lat' dir='ltr'><strong>te</strong></span> <span class='ocrx_word' id='word_1_159' title='bbox 1040 3215 1149 3294; x_wconf 84' lang='lat' dir='ltr'><strong>hebes,</strong></span> <span class='ocrx_word' id='word_1_160' title='bbox 1188 3215 1305 3280; x_wconf 84' lang='lat' dir='ltr'><strong>offeras</strong></span> <span class='ocrx_word' id='word_1_161' title='bbox 1342 3215 1432 3292; x_wconf 90' lang='lat' dir='ltr'><strong>mihi,</strong></span> <span class='ocrx_word' id='word_1_162' title='bbox 1472 3216 1499 3280; x_wconf 91' lang='lat' dir='ltr'><strong>si</strong></span> 
     </span>
     <span class='ocr_line' id='line_1_24' title="bbox 448 3318 1500 3406; baseline -0.008 -16"><span class='ocrx_word' id='word_1_163' title='bbox 448 3324 534 3390; x_wconf 71' lang='lat' dir='ltr'><strong>forte</strong></span> <span class='ocrx_word' id='word_1_164' title='bbox 580 3324 662 3389; x_wconf 92' lang='lat' dir='ltr'><strong>mihi</strong></span> <span class='ocrx_word' id='word_1_165' title='bbox 708 3321 872 3387; x_wconf 90' lang='lat' dir='ltr'><strong>Dominus</strong></span> <span class='ocrx_word' id='word_1_166' title='bbox 927 3340 986 3406; x_wconf 90' lang='lat' dir='ltr'><strong>pcr</strong></span> <span class='ocrx_word' id='word_1_167' title='bbox 1039 3318 1109 3383; x_wconf 90' lang='lat' dir='ltr'><strong>eius</strong></span> <span class='ocrx_word' id='word_1_168' title='bbox 1154 3319 1309 3384; x_wconf 77' lang='lat' dir='ltr'><strong>meritum</strong></span> <span class='ocrx_word' id='word_1_169' title='bbox 1354 3318 1500 3384; x_wconf 88' lang='lat' dir='ltr'><strong>misereri</strong></span> 
     </span>
     <span class='ocr_line' id='line_1_25' title="bbox 448 3420 1499 3510; baseline 0.002 -24"><span class='ocrx_word' id='word_1_170' title='bbox 448 3425 610 3491; x_wconf 56' lang='lat' dir='ltr'><strong>voluerit!</strong></span> <span class='ocrx_word' id='word_1_171' title='bbox 654 3424 703 3490; x_wconf 76' lang='lat' dir='ltr'><strong>At</strong></span> <span class='ocrx_word' id='word_1_172' title='bbox 725 3446 785 3510; x_wconf 83' lang='lat' dir='ltr'><strong>ego</strong></span> <span class='ocrx_word' id='word_1_173' title='bbox 807 3420 981 3508; x_wconf 88' lang='lat' dir='ltr'><strong>respondi:</strong></span> <span class='ocrx_word' id='word_1_174' title='bbox 1007 3420 1149 3486; x_wconf 78' lang='lat' dir='ltr'><strong>‘Habeo</strong></span> <span class='ocrx_word' id='word_1_175' title='bbox 1172 3420 1305 3506; x_wconf 87' lang='lat' dir='ltr'><strong>quidem</strong></span> <span class='ocrx_word' id='word_1_176' title='bbox 1328 3421 1368 3488; x_wconf 88' lang='lat' dir='ltr'><strong>dc</strong></span> <span class='ocrx_word' id='word_1_177' title='bbox 1399 3421 1499 3509; x_wconf 82' lang='lat' dir='ltr'><strong>ligne,</strong></span> 
     </span>
     <span class='ocr_line' id='line_1_26' title="bbox 449 3523 1499 3613; baseline -0.001 -22"><span class='ocrx_word' id='word_1_178' title='bbox 449 3528 485 3592; x_wconf 91' lang='lat' dir='ltr'><strong>in</strong></span> <span class='ocrx_word' id='word_1_179' title='bbox 518 3548 584 3613; x_wconf 91' lang='lat' dir='ltr'><strong>quo</strong></span> <span class='ocrx_word' id='word_1_180' title='bbox 615 3531 714 3612; x_wconf 79' lang='lat' dir='ltr'><strong>coput</strong></span> <span class='ocrx_word' id='word_1_181' title='bbox 744 3526 814 3590; x_wconf 86' lang='lat' dir='ltr'><strong>eius</strong></span> <span class='ocrx_word' id='word_1_182' title='bbox 846 3523 942 3590; x_wconf 90' lang='lat' dir='ltr'><strong>occisi</strong></span> <span class='ocrx_word' id='word_1_183' title='bbox 975 3524 1154 3612; x_wconf 83' lang='lat' dir='ltr'><strong>opegcnis</strong></span> <span class='ocrx_word' id='word_1_184' title='bbox 1186 3524 1328 3588; x_wconf 86' lang='lat' dir='ltr'><strong>infixum</strong></span> <span class='ocrx_word' id='word_1_185' title='bbox 1361 3530 1412 3590; x_wconf 77' lang='lat' dir='ltr'><strong>est</strong></span> <span class='ocrx_word' id='word_1_186' title='bbox 1424 3549 1434 3607; x_wconf 83' lang='lat'>3</span> <span class='ocrx_word' id='word_1_187' title='bbox 1456 3528 1499 3604; x_wconf 78' lang='lat' dir='ltr'><strong>ct,</strong></span> 
     </span>
     <span class='ocr_line' id='line_1_27' title="bbox 448 3625 1531 3714; baseline -0.002 -20"><span class='ocrx_word' id='word_1_188' title='bbox 448 3629 476 3694; x_wconf 91' lang='lat' dir='ltr'><strong>si</strong></span> <span class='ocrx_word' id='word_1_189' title='bbox 510 3629 606 3692; x_wconf 87' lang='lat' dir='ltr'><strong>firmo</strong></span> <span class='ocrx_word' id='word_1_190' title='bbox 644 3627 741 3693; x_wconf 89' lang='lat' dir='ltr'><strong>corde</strong></span> <span class='ocrx_word' id='word_1_191' title='bbox 778 3626 962 3703; x_wconf 85' lang='lat' dir='ltr'><strong>credideris,</strong></span> <span class='ocrx_word' id='word_1_192' title='bbox 995 3631 1104 3714; x_wconf 74' lang='lat' dir='ltr'><strong>potest</strong></span> <span class='ocrx_word' id='word_1_193' title='bbox 1137 3625 1263 3690; x_wconf 85' lang='lat' dir='ltr'><strong>Divino</strong></span> <span class='ocrx_word' id='word_1_194' title='bbox 1299 3627 1405 3713; x_wconf 71' lang='lat' dir='ltr'><strong>picios</strong></span> <span class='ocrx_word' id='word_1_195' title='bbox 1441 3650 1500 3714; x_wconf 86' lang='lat' dir='ltr'><strong>per</strong></span> <span class='ocrx_word' id='word_1_196' title='bbox 1514 3659 1531 3695; x_wconf 64' lang='grc' dir='ltr'><strong>,ι</strong></span> 
     </span>
     <span class='ocr_line' id='line_1_28' title="bbox 448 3728 1545 3818; baseline -0.002 -21"><span class='ocrx_word' id='word_1_197' title='bbox 448 3732 536 3797; x_wconf 70' lang='lat' dir='ltr'><strong>tenti</strong></span> <span class='ocrx_word' id='word_1_198' title='bbox 569 3731 633 3796; x_wconf 89' lang='lat' dir='ltr'><strong>viri</strong></span> <span class='ocrx_word' id='word_1_199' title='bbox 663 3729 819 3796; x_wconf 82' lang='lat' dir='ltr'><strong>meritum</strong></span> <span class='ocrx_word' id='word_1_200' title='bbox 842 3733 877 3794; x_wconf 73' lang='lat' dir='ltr'><strong>ei</strong></span> <span class='ocrx_word' id='word_1_201' title='bbox 900 3729 999 3794; x_wconf 89' lang='lat' dir='ltr'><strong>huius</strong></span> <span class='ocrx_word' id='word_1_202' title='bbox 1021 3729 1085 3794; x_wconf 76' lang='lat' dir='ltr'><strong>cibi</strong></span> <span class='ocrx_word' id='word_1_203' title='bbox 1111 3728 1190 3794; x_wconf 77' lang='lat' dir='ltr'><strong>vitae</strong></span> <span class='ocrx_word' id='word_1_204' title='bbox 1212 3729 1322 3816; x_wconf 81' lang='lat' dir='ltr'><strong>spatie</strong></span> <span class='ocrx_word' id='word_1_205' title='bbox 1351 3729 1500 3818; x_wconf 82' lang='lat' dir='ltr'><strong>longiore</strong></span> <span class='ocrx_word' id='word_1_206' title='bbox 1539 3791 1545 3801; x_wconf 93' lang='grc'>,</span> 
     </span>
     <span class='ocr_line' id='line_1_29' title="bbox 448 3831 1499 3920; baseline -0.002 -19"><span class='ocrx_word' id='word_1_207' title='bbox 448 3835 629 3912; x_wconf 87' lang='lat' dir='ltr'><strong>concedere,</strong></span> <span class='ocrx_word' id='word_1_208' title='bbox 661 3839 696 3899; x_wconf 77' lang='lat' dir='ltr'><strong>et</strong></span> <span class='ocrx_word' id='word_1_209' title='bbox 725 3833 886 3920; x_wconf 83' lang='lat' dir='ltr'><strong>ingressui</strong></span> <span class='ocrx_word' id='word_1_210' title='bbox 917 3836 951 3897; x_wconf 76' lang='lat' dir='ltr'><strong>te</strong></span> <span class='ocrx_word' id='word_1_211' title='bbox 974 3833 1053 3898; x_wconf 80' lang='lat' dir='ltr'><strong>vitae</strong></span> <span class='ocrx_word' id='word_1_212' title='bbox 1083 3833 1234 3917; x_wconf 87' lang='lat' dir='ltr'><strong>perennis</strong></span> <span class='ocrx_word' id='word_1_213' title='bbox 1268 3831 1406 3919; x_wconf 84' lang='lat' dir='ltr'><strong>dignum</strong></span> <span class='ocrx_word' id='word_1_214' title='bbox 1427 3835 1499 3899; x_wconf 87' lang='lat' dir='ltr'><strong>red-</strong></span> 
     </span>
     <span class='ocr_line' id='line_1_30' title="bbox 447 3934 1499 4020; baseline -0.003 -15"><span class='ocrx_word' id='word_1_215' title='bbox 447 3939 542 4006; x_wconf 70' lang='lat' dir='ltr'><strong>dere!</strong></span> <span class='ocrx_word' id='word_1_216' title='bbox 587 3937 659 4003; x_wconf 89' lang='lat' dir='ltr'><strong>Nec</strong></span> <span class='ocrx_word' id='word_1_217' title='bbox 680 3942 827 4003; x_wconf 76' lang='lat' dir='ltr'><strong>moratus</strong></span> <span class='ocrx_word' id='word_1_218' title='bbox 860 3935 925 4013; x_wconf 88' lang='lat' dir='ltr'><strong>ille,</strong></span> <span class='ocrx_word' id='word_1_219' title='bbox 958 3934 1119 4020; x_wconf 68' lang='lat' dir='ltr'><strong>integram</strong></span> <span class='ocrx_word' id='word_1_220' title='bbox 1151 3955 1185 4000; x_wconf 89' lang='lat' dir='ltr'><strong>se</strong></span> <span class='ocrx_word' id='word_1_221' title='bbox 1219 3934 1255 3998; x_wconf 88' lang='lat' dir='ltr'><strong>in</strong></span> <span class='ocrx_word' id='word_1_222' title='bbox 1288 3935 1358 4000; x_wconf 84' lang='lat' dir='ltr'><strong>haec</strong></span> <span class='ocrx_word' id='word_1_223' title='bbox 1379 3936 1499 4002; x_wconf 85' lang='lat' dir='ltr'><strong>habere</strong></span> 
     </span>
     <span class='ocr_line' id='line_1_31' title="bbox 447 4041 794 4129; baseline -0.014 -21"><span class='ocrx_word' id='word_1_224' title='bbox 447 4043 547 4108; x_wconf 89' lang='lat' dir='ltr'><strong>fidem</strong></span> <span class='ocrx_word' id='word_1_225' title='bbox 569 4041 794 4129; x_wconf 71' lang='lat' dir='ltr'><strong>respondebat.</strong></span> 
     </span>
    </p>

    <p class='ocr_par' dir='ltr' id='par_1_3' title="bbox 447 4137 1559 4847">
     <span class='ocr_line' id='line_1_32' title="bbox 495 4137 1499 4228; baseline -0.005 -17"><span class='ocrx_word' id='word_1_226' title='bbox 495 4153 513 4181; x_wconf 91' lang='lat'><strong>“</strong></span> <span class='ocrx_word' id='word_1_227' title='bbox 528 4146 620 4211; x_wconf 88' lang='lat' dir='ltr'><strong>Tunc</strong></span> <span class='ocrx_word' id='word_1_228' title='bbox 653 4142 809 4210; x_wconf 86' lang='lat' dir='ltr'><strong>benedixi</strong></span> <span class='ocrx_word' id='word_1_229' title='bbox 832 4161 959 4226; x_wconf 76' lang='lat' dir='ltr'><strong>nquam,</strong></span> <span class='ocrx_word' id='word_1_230' title='bbox 993 4142 1028 4204; x_wconf 74' lang='lat' dir='ltr'><strong>et</strong></span> <span class='ocrx_word' id='word_1_231' title='bbox 1059 4137 1200 4204; x_wconf 77' lang='lat' dir='ltr'><strong>astulam</strong></span> <span class='ocrx_word' id='word_1_232' title='bbox 1222 4139 1347 4204; x_wconf 88' lang='lat' dir='ltr'><strong>roboris</strong></span> <span class='ocrx_word' id='word_1_233' title='bbox 1370 4140 1499 4228; x_wconf 67' lang='lat' dir='ltr'><strong>praefeci</strong></span> 
     </span>
     <span class='ocr_line' id='line_1_33' title="bbox 447 4241 1499 4331; baseline -0.002 -19"><span class='ocrx_word' id='word_1_234' title='bbox 447 4248 619 4313; x_wconf 70' lang='lat' dir='ltr'><strong>inmittens</strong></span> <span class='ocrx_word' id='word_1_235' title='bbox 653 4246 758 4312; x_wconf 74' lang='lat' dir='ltr'><strong>obtuli</strong></span> <span class='ocrx_word' id='word_1_236' title='bbox 790 4265 878 4331; x_wconf 82' lang='lat' dir='ltr'><strong>cegro</strong></span> <span class='ocrx_word' id='word_1_237' title='bbox 911 4241 1099 4328; x_wconf 60' lang='lat' dir='ltr'><strong>podendum.</strong></span> <span class='ocrx_word' id='word_1_238' title='bbox 1146 4241 1217 4307; x_wconf 92' lang='lat' dir='ltr'><strong>Nec</strong></span> <span class='ocrx_word' id='word_1_239' title='bbox 1248 4263 1357 4309; x_wconf 83' lang='lat' dir='ltr'><strong>more:</strong></span> <span class='ocrx_word' id='word_1_240' title='bbox 1382 4244 1499 4310; x_wconf 81' lang='lat' dir='ltr'><strong>melius</strong></span> 
     </span>
     <span class='ocr_line' id='line_1_34' title="bbox 447 4343 1559 4433; baseline -0.002 -20"><span class='ocrx_word' id='word_1_241' title='bbox 447 4349 567 4414; x_wconf 86' lang='lat' dir='ltr'><strong>habere</strong></span> <span class='ocrx_word' id='word_1_242' title='bbox 601 4349 710 4433; x_wconf 75' lang='lat' dir='ltr'><strong>ooepit,</strong></span> <span class='ocrx_word' id='word_1_243' title='bbox 744 4352 778 4413; x_wconf 81' lang='lat' dir='ltr'><strong>et</strong></span> <span class='ocrx_word' id='word_1_244' title='bbox 816 4345 1042 4413; x_wconf 79' lang='lat' dir='ltr'><strong>convalescens</strong></span> <span class='ocrx_word' id='word_1_245' title='bbox 1080 4344 1122 4408; x_wconf 87' lang='lat' dir='ltr'><strong>ob</strong></span> <span class='ocrx_word' id='word_1_246' title='bbox 1152 4343 1353 4424; x_wconf 67' lang='lat' dir='ltr'><strong>infirmitate,</strong></span> <span class='ocrx_word' id='word_1_247' title='bbox 1392 4347 1498 4412; x_wconf 74' lang='lat' dir='ltr'><strong>multo</strong></span> <span class='ocrx_word' id='word_1_248' title='bbox 1557 4392 1559 4396; x_wconf 80' lang='lat'><em>.</em></span> 
     </span>
     <span class='ocr_line' id='line_1_35' title="bbox 448 4446 1499 4535; baseline 0 -20"><span class='ocrx_word' id='word_1_249' title='bbox 448 4451 599 4535; x_wconf 86' lang='lat' dir='ltr'><strong>deinceps</strong></span> <span class='ocrx_word' id='word_1_250' title='bbox 630 4455 777 4534; x_wconf 76' lang='lat' dir='ltr'><strong>tempore</strong></span> <span class='ocrx_word' id='word_1_251' title='bbox 809 4449 917 4514; x_wconf 80' lang='lat' dir='ltr'><strong>vixit:</strong></span> <span class='ocrx_word' id='word_1_252' title='bbox 950 4453 1088 4532; x_wconf 71' lang='lat' dir='ltr'><strong>’cecoque</strong></span> <span class='ocrx_word' id='word_1_253' title='bbox 1120 4447 1163 4512; x_wconf 81' lang='lat' dir='ltr'><strong>ed</strong></span> <span class='ocrx_word' id='word_1_254' title='bbox 1195 4446 1303 4511; x_wconf 88' lang='lat' dir='ltr'><strong>Deum</strong></span> <span class='ocrx_word' id='word_1_255' title='bbox 1335 4449 1430 4514; x_wconf 87' lang='lat' dir='ltr'><strong>corde</strong></span> <span class='ocrx_word' id='word_1_256' title='bbox 1464 4453 1499 4515; x_wconf 75' lang='lat' dir='ltr'><strong>ct</strong></span> 
     </span>
     <span class='ocr_line' id='line_1_36' title="bbox 448 4549 1499 4639; baseline -0.001 -21"><span class='ocrx_word' id='word_1_257' title='bbox 448 4575 545 4639; x_wconf 86' lang='lat' dir='ltr'><strong>opere</strong></span> <span class='ocrx_word' id='word_1_258' title='bbox 576 4572 758 4628; x_wconf 83' lang='lat' dir='ltr'><strong>conversus,</strong></span> <span class='ocrx_word' id='word_1_259' title='bbox 783 4551 934 4617; x_wconf 87' lang='lat' dir='ltr'><strong>omnibus</strong></span> <span class='ocrx_word' id='word_1_260' title='bbox 965 4550 1163 4635; x_wconf 91' lang='lat' dir='ltr'><strong>ubicumque</strong></span> <span class='ocrx_word' id='word_1_261' title='bbox 1194 4549 1413 4636; x_wconf 71' lang='lat' dir='ltr'><strong>perveniebat,</strong></span> <span class='ocrx_word' id='word_1_262' title='bbox 1436 4551 1499 4617; x_wconf 86' lang='lat' dir='ltr'><strong>cle-</strong></span> 
     </span>
     <span class='ocr_line' id='line_1_37' title="bbox 447 4651 1498 4741; baseline -0.002 -19"><span class='ocrx_word' id='word_1_263' title='bbox 447 4656 605 4722; x_wconf 76' lang='lat' dir='ltr'><strong>mentiam</strong></span> <span class='ocrx_word' id='word_1_264' title='bbox 636 4655 683 4740; x_wconf 93' lang='lat' dir='ltr'><strong>pii</strong></span> <span class='ocrx_word' id='word_1_265' title='bbox 716 4651 911 4730; x_wconf 73' lang='lat' dir='ltr'><strong>Oonditoris</strong></span> <span class='ocrx_word' id='word_1_266' title='bbox 948 4658 983 4719; x_wconf 74' lang='lat' dir='ltr'><strong>et</strong></span> <span class='ocrx_word' id='word_1_267' title='bbox 1020 4652 1126 4718; x_wconf 91' lang='lat' dir='ltr'><strong>fidelis</strong></span> <span class='ocrx_word' id='word_1_268' title='bbox 1159 4651 1229 4718; x_wconf 87' lang='lat' dir='ltr'><strong>eius</strong></span> <span class='ocrx_word' id='word_1_269' title='bbox 1260 4652 1376 4720; x_wconf 77' lang='lat' dir='ltr'><strong>famuli</strong></span> <span class='ocrx_word' id='word_1_270' title='bbox 1412 4654 1498 4741; x_wconf 85' lang='lat' dir='ltr'><strong>regis</strong></span> 
     </span>
     <span class='ocr_line' id='line_1_38' title="bbox 447 4755 840 4847; baseline -0.01 -22"><span class='ocrx_word' id='word_1_271' title='bbox 447 4759 592 4827; x_wconf 81' lang='lat' dir='ltr'><strong>Osweldi</strong></span> <span class='ocrx_word' id='word_1_272' title='bbox 614 4755 840 4847; x_wconf 53' lang='lat' dir='ltr'><strong>praedicabas?</strong></span> 
     </span>
    </p>
   </div>
   <div class='ocr_carea' id='block_1_3' title="bbox 0 0 1776 5800">
    <p class='ocr_par' dir='ltr' id='par_1_4' title="bbox 0 0 1776 5800">
     <span class='ocr_line' id='line_1_39' title="bbox 0 0 1776 5800; baseline 0 0"><span class='ocrx_word' id='word_1_273' title='bbox 0 0 1776 5800; x_wconf 95' lang='lat' dir='ltr'><strong> </strong></span> 
     </span>
    </p>
   </div>
  </div>
 </body>
</html>
