3542 5800
455 889 519 955 306
736 903 800 955 uro.
823 904 870 954 na
892 903 1023 956 omaro.
1046 901 1134 954 srsc.
1161 903 1247 954 ruer.

287 1072 443 1194 'slirieffimd
456 1077 602 1166 Egberto
632 1079 702 1165 regi
734 1099 804 1144 sese
836 1077 935 1145 dedit.
1001 1077 1131 1146 Harum
1165 1077 1376 1146 victoriarum
1414 1075 1503 1144 fama

287 1157 389 1277 Betui·
418 1260 426 1285 ‚
456 1203 530 1248 cum
560 1180 705 1268 reliquos
737 1178 916 1261 territaret,
955 1180 1163 1268 Bernulphus
1199 1203 1257 1248 rex
1296 1180 1503 1256 Merciorum,

287 1294 379 1356 ringo
456 1284 622 1351 tumidum
667 1285 749 1370 quid
785 1286 911 1371 spirans
955 1286 1196 1372 gloriosumque
1240 1285 1428 1366 arbitratus,
1474 1284 1503 1348 si

289 1358 438 1476 fflss’d„
458 1387 593 1454 audacia
633 1410 694 1452 sua
741 1393 922 1456 ceterorum
964 1395 1089 1454 metum
1138 1387 1288 1466 demeret,
1327 1387 1502 1472 studiaque

288 1493 445 1583 Hammone.
459 1489 600 1576 Egberti
636 1489 786 1556 deridens
822 1489 947 1557 bellum
980 1491 1111 1567 indixit,
1151 1490 1319 1578 rigidoque
1357 1489 1503 1576 Egbertc

288 1571 412 1688 ffloeb
458 1591 605 1679 imperat,
648 1599 688 1660 ut
726 1593 790 1659 sibi
822 1593 923 1660 faciat
959 1593 1155 1680 homagium.
1223 1591 1387 1680 Egbertus
1423 1613 1502 1658 vero

290 1705 317 1754 ii.
336 1711 391 1756 roc.
413 1674 420 1689 ”
458 1696 616 1763 damnum
637 1697 758 1762 ducens
779 1697 809 1763 si
829 1697 966 1776 eederet,
998 1698 1157 1784 denegato
1178 1696 1331 1783 homagio
1353 1696 1503 1760 alacriter

290 1774 383 1890 w·
458 1801 601 1866 cucurrit
614 1799 657 1865 ad
678 1800 821 1880 bellum;
842 1805 1054 1886 consertoque
1070 1822 1182 1888 pugna
1194 1799 1281 1887 fugit
1296 1797 1503 1886 Bernulphus

289 1905 419 2024 {3³35
457 1902 687 1969 miserabiliter
722 1903 836 1970 victus
895 1902 1033 1968 Factum
1070 1909 1120 1970 est
1156 1902 1217 1968 hoc
1253 1903 1376 1968 bellum
1413 1901 1502 1988 apud

289 2055 313 2103 Ε
330 1979 428 2105 ὥ·
460 2003 662 2085 Helleldone,
685 2007 781 2073 iuxta
802 2005 1016 2072 Wintouiam.
1062 2003 1213 2092 Cumque
1235 2027 1294 2072 rex
1310 2004 1503 2072 Occidenta-

289 2071 400 2173 sibenen
457 2108 539 2173 lium
573 2108 742 2174 Saxonum
775 2109 939 2196 Egbertus
972 2109 1041 2173 sive
1075 2107 1256 2195 Egbrihtus
1288 2109 1398 2174 omnia
1430 2129 1503 2174 aus-

288 2188 427 2308 prquam·
457 2212 556 2277 tralia
586 2213 717 2299 Angliae
751 2234 852 2299 regna
883 2211 1087 2298 optinuisset,
1126 2211 1307 2278 exercitum
1343 2211 1502 2298 grandem

456 2315 493 2380 in
523 2313 796 2382 Nerthumbriam
826 2315 946 2382 ducens
977 2314 1178 2401 provinciam
1208 2313 1299 2380 illam
1324 2315 1420 2401 gravi
1449 2315 1504 2380 de·

455 2418 667 2505 populatione
708 2417 876 2496 contrivit,
921 2439 1094 2504 regemque
1134 2416 1344 2484 Eandredum
1383 2417 1505 2484 statuit

287 2520 413 2571 aanor
455 2520 518 2585 sub
546 2520 683 2586 tributo.
728 2519 799 2586 Nec
824 2520 931 2586 multo
960 2525 1035 2607 post
1066 2520 1249 2586 Orientales
1278 2521 1380 2608 Angli
1410 2520 1503 2586 auxi-

286 2586 424 2703 iyfffiulph
455 2623 500 2687 lio
530 2622 670 2709 Egberti
698 2623 785 2710 regis
814 2623 955 2688 animati
985 2623 1210 2710 Bernulphum
1246 2645 1356 2712 regem
1387 2623 1503 2690 llierci·

285 2720 374 2799 malm.
455 2748 548 2792 orum
578 2725 795 2804 trucidarunt,
822 2749 861 2792 eo
891 2725 979 2812 quod
1009 2747 1147 2812 regnum
1184 2725 1267 2792 illud
1290 2732 1329 2791 ut
1363 2749 1458 2792 suum
1483 2749 1505 2792 a

284 2801 312 2919 ll]
326 2791 383 2905 ill
455 2835 600 2917 tempore
631 2829 714 2894 Ollio
738 2831 822 2917 regis
839 2827 1004 2909 ,invadere
1036 2834 1071 2894 et
1097 2829 1161 2896 sibi
1185 2830 1357 2898 vendicare
1398 2821 1504 2919 temp-

286 2922 550 3040 Ysslls'ggltaret
595 2933 798 2999 ludecanius
832 2935 942 3011 etiam,
981 2932 1163 3019 Bernulphi
1192 2955 1361 3013 successor,
1388 2935 1503 3001 eadem

285 3026 378 3119 pser‘s.
419 3028 425 3041 ⁶
456 3044 543 3104 sorte
567 3038 673 3103 vitam
698 3037 817 3116 finivit,
848 3037 891 3101 ab
916 3036 1141 3103 Orientalibus
1163 3036 1282 3124 Anglis
1308 3060 1367 3125 pro
1398 3060 1502 3117 causa,

284 3172 442 3236 Rogmenu
456 3162 522 3227 qua
547 3147 581 3208 et
606 3163 684 3207 suus
720 3140 935 3226 praedecessor
962 3138 1177 3227 Bernulphus‚
1216 3140 1314 3207 modo
1344 3143 1505 3209 consimili

454 3241 1504 3434 am

452 3450 552 3515 fidem
577 3449 789 3515 tributariam
815 3454 966 3537 acceptus
996 3398 1219 3535 principatum
1243 3448 1501 3518 Weslsaxonum

454 3552 634 3640 ampliavit.
681 3552 805 3618 Eodem
828 3572 957 3639 quoque
982 3557 1130 3637 tempore
1154 3552 1333 3638 pradictus
1354 3576 1414 3619 rex
1436 3556 1503 3643 Eg-

285 3648 426 3765 quuction
454 3658 567 3723 bertus
594 3655 809 3733 Swithedum,
845 3676 953 3742 rogem
982 3653 1200 3721 Orientalium
1231 3656 1408 3739 Saxonum,
1448 3658 1505 3725 de-

286 3732 301 3765 ⁰
351 3730 416 3767 ⁸⁸⁰*
455 3761 592 3827 bellavit
617 3764 652 3825 et
678 3782 699 3824 a
724 3780 824 3845 regno
849 3757 987 3843 fugavit.
1058 3756 1228 3825 Swithedo
1263 3782 1393 3847 quoque
1428 3784 1505 3850 rege

456 3864 571 3952 fugato
602 3884 741 3950 regnum
766 3860 985 3928 Orientalium
1019 3858 1188 3927 Saxonum
1214 3884 1306 3949 reges
1336 3863 1504 3933 westsax-

287 3970 325 4023 of
337 3972 433 4025 Weiss.
457 3991 557 4035 onum
579 3970 767 4033 tenuerunt.
815 3963 880 4030 His
906 3965 955 4029 ita
979 3964 1079 4049 gestis
1106 3963 1281 4050 Egbertus,
1306 3988 1366 4031 rex
1389 3974 1504 4055 polen-

285 4110 326 4161 Ro
344 4111 444 4162 wem
457 4073 609 4147 tissimus,
645 4069 825 4134 exercitum
852 4066 974 4131 ducens
997 4066 1032 4129 in
1057 4064 1211 4133 Walliam
1236 4070 1400 4156 copiosum
1425 4071 1503 4137 Wa-

287 4126 355 4228 li).
370 4184 427 4229 sao.
456 4175 561 4241 lemos
584 4194 696 4239 omues
722 4193 795 4236 cum
826 4169 958 4255 regibus
989 4168 1056 4235 suis
1078 4169 1199 4236 dicioni
1221 4194 1290 4241 suae
1323 4180 1504 4260 spontanea

285 4260 309 4370 [ζ’
322 4248 386 4385 {2¹2
457 4278 629 4343 voluntate
668 4275 815 4341 subiecit.
882 4272 998 4337 Tantis
1030 4277 1065 4338 et
1099 4273 1221 4340 talibus
1252 4276 1399 4343 victoriis
1436 4278 1503 4366 Eg-

285 4336 423 4468 &qu
460 4382 571 4444 bertus
615 4377 791 4465 insignitus
835 4398 937 4463 regna
982 4376 1188 4458 Marciorum,
1236 4378 1500 4461 cantuariorum,

456 4481 764 4557 Nerthumbrorum,
804 4484 975 4565 ceteraque
1001 4478 1186 4565 Anglorum
1223 4502 1325 4567 regna
1356 4506 1430 4568 quae
1464 4487 1503 4553 in

284 4642 366 4694 Rani
456 4591 529 4652 octo
562 4584 743 4650 extiterant
775 4583 881 4648 divisa
910 4582 946 4647 in
968 4602 1071 4647 unum
1103 4583 1311 4670 compingens
1334 4585 1504 4655 Weslsax-

282 4644 441 4774 Polyellllen'
456 4712 555 4758 onum
589 4709 689 4773 regno
720 4686 839 4765 univit,
877 4686 1027 4772 cepitque
1060 4684 1304 4771 Legeoestriam,
1344 4711 1418 4774 quae
1450 4698 1503 4759 est

282 4795 306 4843 P·
320 4784 375 4827 ²⁵2·
456 4794 546 4860 Urbs
570 4792 758 4879 Legionum,
782 4810 879 4876 super
903 4788 1053 4855 Britones
1076 4810 1178 4875 usque
1209 4795 1289 4857 tuno
1311 4814 1331 4855 a
1354 4792 1501 4860 Britoni-
