3542 5800
481 898 528 948 nr
549 895 667 948 crans
687 895 810 946 arcun
830 894 1015 950 menan.
1038 881 1089 948 65.
1245 881 1309 948 301

267 1083 401 1168 Quanto
422 1087 527 1175 magis
548 1108 608 1174 pro
629 1087 702 1175 ipso
722 1109 808 1176 saepe
830 1087 920 1154 dicto
941 1087 1192 1176 archiepiscopo,
1216 1109 1314 1174 quem

267 1191 362 1258 nobis
375 1191 473 1257 valde
486 1191 651 1277 nimiaque
670 1191 889 1272 collaudastis,
904 1191 1002 1260 sicuti
1024 1196 1059 1257 et
1085 1195 1135 1257 est
1160 1191 1314 1258 videlicet

267 1295 471 1372 clarissimus,
495 1293 714 1382 dignissimus,
737 1293 932 1375 carissimus,
961 1299 1061 1381 etque
1087 1293 1312 1382 peritissimus,

268 1403 302 1464 et
323 1399 402 1485 qnia
423 1397 516 1462 illum
538 1397 629 1463 scitia
647 1398 855 1485 prudentem,
870 1397 967 1464 bonis
990 1402 1143 1464 ornatum
1158 1397 1314 1478 moribus,

268 1501 405 1588 Deoque
428 1505 462 1565 et
484 1500 672 1566 hominibus
695 1501 842 1588 dignum.
891 1499 984 1578 Ecce,
1000 1499 1050 1564 fili
1074 1499 1258 1566 dulcissimo
1279 1505 1314 1566 et

267 1603 489 1669 amentissime
527 1607 630 1688 atque
662 1601 942 1690 praestantissime,
976 1623 1035 1668 rex
1068 1601 1161 1680 bone,
1196 1603 1233 1668 in
1263 1604 1314 1670 hie

266 1707 333 1772 tuis
369 1705 603 1772 amertionibua
639 1704 861 1772 collaudamus
900 1705 1007 1771 Deum
1046 1705 1312 1793 omnipotentem,

267 1809 325 1895 qui
357 1809 458 1876 talem
495 1808 589 1875 vobis
626 1807 867 1874 demonstravit
904 1809 1098 1888 antistitem,
1129 1809 1200 1896 qui,
1229 1807 1313 1874 sicut

266 1935 362 1978 verns
381 1917 500 2000 pastor,
518 1911 662 1977 indicere
681 1910 791 1977 verbis
813 1911 993 1978 secundum
1015 1910 1201 1976 doctrinam
1224 1932 1315 1978 sanc·

267 2021 376 2084 tarum
412 2015 648 2104 scripturarum
680 2013 816 2102 dignam
860 2013 1090 2101 paenitentiam
1134 2012 1233 2094 valet,
1278 2020 1314 2080 ct

267 2139 378 2186 eruere
399 2119 458 2205 qui
480 2116 541 2183 sub
563 2116 691 2182 dicione
712 2114 907 2184 sacerdotali
929 2117 1000 2182 eius
1015 2115 1172 2194 existunt,
1188 2115 1314 2182 animas

269 2243 381 2290 eorum
402 2243 447 2287 ex
474 2220 606 2287 inferno
637 2217 786 2285 inferiori
818 2223 855 2286 et
888 2217 932 2284 ab
964 2219 1042 2307 igne
1063 2217 1324 2306 inextinguibili.

267 2325 427 2392 deducens
458 2345 512 2389 eos
541 2327 577 2390 et
605 2322 694 2388 infra
722 2321 886 2390 deducens
914 2321 952 2388 in
974 2325 1108 2409 portum
1130 2322 1255 2402 salutis,
1279 2328 1314 2390 et

267 2427 381 2494 offerre
412 2447 472 2514 pro
503 2425 570 2490 illis
601 2423 743 2490 hostiam
775 2423 909 2512 dignam
940 2429 975 2490 et
1003 2423 1248 2492 immaculatam
1277 2425 1314 2492 in

267 2535 441 2618 conspectu
478 2527 614 2594 Divinae
650 2527 834 2595 maiestatis
870 2525 1090 2616 omnipotenti
1128 2527 1208 2594 Deo.
1270 2529 1315 2595 Et

268 2634 346 2720 qnia
376 2632 520 2698 multum
552 2628 649 2696 nobis
685 2629 945 2718 praenominatus
982 2631 1241 2720 archiepiscopus
1279 2633 1315 2698 in

268 2737 357 2802 omni
378 2735 552 2800 sanctitate
582 2755 641 2798 sua
669 2736 705 2798 et
733 2732 816 2800 vitae
837 2735 1083 2801 conversatione
1106 2734 1195 2800 ultro
1217 2733 1315 2801 citro·

267 2861 330 2927 que
352 2837 482 2929 placuit,
506 2836 602 2903 valde
624 2835 724 2902 nimis
749 2837 780 2903 ei
802 2837 968 2905 medentes
998 2858 1041 2904 ex
1063 2837 1261 2905 auctoritate
1284 2839 1314 2905 ei

267 2944 356 3009 beati
387 2942 478 3008 Petri
510 2940 742 3028 apostolorum·
763 2940 929 3029 principis,
956 2939 1048 3009 cuius
1074 2941 1128 3007 vel
1169 2942 1314 3007 inmeriti

266 3048 353 3113 vices
366 3046 518 3134 gerimus,
532 3044 633 3109 telem
652 3042 852 3130 praebuimus
871 3044 1093 3131 praesulatum,
1116 3050 1156 3109 ut
1177 3044 1206 3108 si
1227 3045 1315 3130 quis·

266 3150 355 3237 piam
386 3171 429 3215 ex
461 3145 616 3214 subiectis
653 3146 721 3213 suis
758 3152 829 3213 tam
865 3145 996 3233 regibus
1034 3150 1068 3211 et
1104 3146 1313 3234 principibus,

266 3274 428 3339 quamque
457 3250 610 3315 universo
640 3250 761 3337 populo
790 3253 1009 3335 trarrsgressus
1031 3248 1131 3314 luerit
1153 3247 1315 3315 dominica

268 3355 430 3429 mandata,
467 3352 727 3419 excommunicet
760 3374 836 3418 eum
866 3372 970 3439 usquc
1003 3350 1185 3439 paeniteat3
1221 3357 1255 3419 et
1286 3352 1314 3417 si

268 3457 476 3546 impaenitens
505 3454 614 3531 fuerit,
646 3456 691 3521 sit
719 3454 815 3520 vobis
843 3452 929 3519 sicut
958 3454 1108 3521 ethnicus
1142 3459 1176 3521 et
1209 3454 1315 3542 publi·

268 3582 374 3626 canus
431 3558 483 3623 De
511 3579 592 3624 vero
629 3557 822 3623 AEthelardo
854 3558 922 3623 iam
953 3556 1040 3623 facto
1073 3557 1314 3645 archiepiscopo

269 3660 507 3729 Domernensis
537 3660 688 3739 ecclesia,
719 3660 804 3726 sicut
833 3660 928 3725 nobis
958 3660 1106 3748 poposcit
1130 3667 1314 3727 vestrorum

266 3766 445 3855 presulum
482 3764 683 3843 excellentia,
718 3769 759 3829 ut
792 3762 823 3829 ei
856 3763 1019 3830 iustitiam
1053 3763 1238 3840 laceremus,
1274 3764 1315 3828 de

267 3868 449 3935 diooesibus
480 3868 546 3933 suis
580 3872 651 3933 tam
689 3867 912 3953 episcoporum
956 3886 1120 3951 quamque
1153 3870 1315 3930 monaste-

266 3972 398 4048 riorum,
421 3969 540 4057 qnibus
562 3970 684 4049 illicite,
705 3974 745 4034 ut
768 3968 974 4056 cognovistis,
992 3968 1176 4056 expoliatus
1198 3974 1255 4044 eat,
1280 3974 1314 4035 et

266 4098 287 4141 a
307 4072 487 4139 venerabili
508 4072 584 4138 sede
607 4073 684 4153 eius,
701 4094 782 4159 quas
804 4072 932 4138 dudum
954 4073 1070 4151 tenuit,
1086 4070 1205 4137 ablatae
1227 4076 1312 4151 sunt,

266 4200 325 4244 nos
346 4198 406 4263 per
427 4175 537 4241 omnia
567 4175 767 4241 enucleatius
797 4174 1000 4241 trutinantes
1025 4174 1063 4240 in
1083 4196 1174 4239 sacro
1196 4175 1313 4241 scrinio

265 4286 378 4347 nostro
406 4280 607 4367 repperimus
640 4282 790 4344 sanctum
822 4277 1016 4364 Gregorium
1047 4276 1314 4365 praedecessorem

266 4389 415 4449 nostrum
436 4382 568 4468 inipso
588 4386 701 4447 sancta
730 4382 807 4447 sede
838 4380 949 4445 omnia
982 4379 1017 4445 in
1049 4380 1186 4466 integro,
1209 4380 1313 4468 ipsam

265 4485 452 4575 parochiam
485 4505 622 4549 numero
653 4482 825 4549 duodecim
855 4482 1044 4569 Augustino
1077 4482 1221 4567 syncello
1255 4505 1314 4549 suo

266 4586 505 4675 archiepiscopo
535 4585 709 4651 tradidisse
731 4591 765 4651 et
787 4586 995 4653 confirmasse
1018 4584 1183 4673 episcopos
1206 4606 1313 4651 conse-

267 4690 387 4757 crandi
434 4690 533 4756 Unde
554 4694 590 4755 et
610 4710 670 4755 nos
692 4688 834 4755 veritate
856 4688 929 4775 ipsa
950 4692 1086 4775 reperta,
1110 4688 1314 4754 ordinatione

266 4815 325 4860 seu
347 4792 595 4860 confirmatione
616 4796 737 4872 nostra,
760 4790 938 4881 apostolice
966 4790 1165 4859 auctoritate
1187 4812 1241 4857 eas
1263 4790 1312 4855 illi
