3542 5800
468 911 516 962 os
545 909 661 959 omns
690 908 811 959 aroou
836 906 1021 958 anon-rr.
1046 893 1096 957 25.
1240 888 1303 953 109

251 1113 411 1173 occasum,
442 1093 623 1159 humanum
651 1114 764 1179 genus,
795 1092 916 1179 quippe
946 1098 986 1157 ut
1017 1091 1205 1157 Creatorem
1236 1110 1304 1155 om-

254 1194 347 1262 nium
371 1201 472 1281 atque
495 1195 667 1261 Factorem
691 1216 796 1271 suum,
823 1192 993 1259 salutifera
1016 1191 1216 1259 consessione
1239 1190 1304 1257 fide

258 1304 435 1363 veneratur
456 1304 491 1363 et
519 1298 616 1363 colit:
648 1297 702 1363 cui
729 1297 832 1363 etiam
861 1296 1067 1363 summitates
1097 1294 1228 1383 imperii
1253 1316 1302 1359 re·

254 1420 394 1485 rumque
423 1404 603 1486 potestates
632 1398 814 1465 summissas
839 1404 926 1476 sunt,
958 1396 1037 1485 quia
1066 1396 1136 1463 eius
1166 1396 1303 1483 disposi-

256 1502 345 1568 tione
382 1502 530 1567 omnium
565 1501 716 1589 praelatio
753 1522 928 1589 regnorum
965 1500 1158 1567 conceditur.
1220 1498 1302 1563 Eius

254 1625 331 1691 ergo
359 1604 520 1669 bonitatis
548 1602 771 1669 misericordia
798 1602 903 1669 totius
933 1608 1090 1668 creaturae
1119 1622 1189 1669 suae
1219 1600 1302 1667 dila-

256 1706 366 1771 tandae
395 1706 504 1792 gratia
531 1704 756 1791 subdendique
782 1705 883 1769 etiam
913 1704 950 1769 in
976 1702 1187 1771 extremitate
1208 1708 1306 1769 terrae

255 1808 436 1894 positarum
451 1808 601 1895 gentium
616 1807 715 1873 corda
728 1806 858 1894 frigida,
880 1804 993 1873 Sancti
1010 1804 1153 1893 Spiritus
1175 1804 1303 1870 fervore

257 1910 292 1973 in
313 1908 382 1975 aui¹
404 1909 573 1997 agnitione
594 1907 791 1974 mirabiliter
812 1913 863 1973 est
884 1908 1023 1995 dignata
1045 1908 1245 1973 succendere.

302 2020 319 2047 “
343 2011 525 2092 Quasenim
539 2012 576 2077 in
596 2009 729 2099 gloriosi
744 2010 806 2075 filii
821 2010 927 2076 nostri
950 2008 1093 2075 Edbaldi
1117 2010 1202 2097 regis
1228 2030 1305 2095 gen-

255 2112 413 2200 tibusque
441 2113 472 2178 ei
494 2113 672 2201 suppositis
695 2112 914 2177 illustratione
948 2112 1122 2177 clementio
1143 2110 1304 2197 Redemp-

255 2216 338 2281 toris
373 2214 477 2280 fuerit
513 2220 656 2301 operata,
699 2214 828 2301 plenius
871 2234 914 2278 ex
952 2213 1123 2279 vicinitate
1160 2213 1304 2279 locorum

254 2323 399 2383 vestram
420 2316 558 2403 gloriam
582 2316 759 2384 conicimus
774 2316 972 2404 cognovisse.
1020 2315 1099 2381 Eius
1114 2338 1191 2405 ergo
1206 2317 1306 2383 mira·

253 2420 321 2485 bile
336 2420 461 2485 donum
484 2425 518 2484 et
543 2420 579 2483 in
593 2420 688 2484 vobis
713 2424 801 2484 certa
820 2440 884 2505 spa,
910 2418 1034 2483 coelesti
1054 2418 1305 2506 longanimitate

253 2522 401 2587 conferre
431 2520 632 2587 confidimus
695 2520 780 2587 Cum
815 2518 977 2607 profecto¹
1015 2520 1188 2608 gloriosam
1231 2544 1305 2587 con-

254 2625 366 2710 iugem
384 2628 536 2700 vestram,
551 2645 627 2709 quae
646 2623 750 2689 vestri
771 2622 913 2709 corporis
939 2644 1014 2710 pars
1030 2644 1099 2689 esse
1114 2624 1303 2701 dinoscitur,

252 2726 452 2794 aeternitatis
466 2726 602 2813 praemio
623 2748 682 2812 per
700 2724 783 2790 sacri
804 2725 1012 2812 baptismatis
1027 2726 1305 2813 regenerationem

252 2828 476 2895 illuminatam
498 2827 700 2916 agnovimus.
747 2826 848 2893 Unde
871 2828 1025 2915 praesenti
1049 2828 1126 2893 stilo
1149 2827 1305 2916 gloriosos

252 2955 314 2998 vos
343 2930 567 2998 adhortandos
597 2952 672 2996 cum
703 2932 793 2996 omni
830 2931 953 2998 affectu
991 2931 1120 2996 intimae
1157 2930 1306 2996 caritatis

251 3035 464 3113 cumvimus3
486 3033 644 3120 quatinus
667 3033 866 3100 abominatis
891 3033 987 3098 idolis
1010 3053 1186 3116 eorumque
1204 3032 1304 3108 cultu,

252 3138 438 3224 spretisque
462 3135 612 3201 fanorum
638 3135 852 3201 fatuitatibus
880 3141 915 3200 et
935 3133 1168 3220 auguriorum³
1194 3134 1307 3220 decep-

252 3240 413 3305 tabilibus
450 3237 692 3314 blandimentis,
731 3237 871 3303 credatis
908 3237 943 3300 in
982 3233 1112 3300 Deum⁴
1150 3235 1306 3322 Omnipo-

251 3348 380 3408 tsntem
411 3341 545 3426 eiusque
576 3339 698 3406 Filium
730 3340 842 3406 Iesum
873 3339 1043 3406 Christum
1074 3343 1109 3404 st
1144 3337 1304 3428 Spiritum

254 3444 423 3521 Sanctum,
451 3447 490 3508 ut
517 3441 685 3509 credentes
707 3465 729 3506 a
747 3441 917 3508 diabolicae
943 3441 1147 3528 captivitatis
1165 3443 1305 3508 nexibus

254 3546 388 3612 Sanotae
418 3551 453 3610 et
484 3543 674 3610 Indiuiduae
714 3543 889 3608 Trinitatis
923 3549 1116 3631 cooperante
1157 3546 1306 3633 potentia

253 3647 407 3722 absoluti,
431 3650 564 3712 aeternas
585 3647 666 3711 vitae
690 3645 822 3732 possitis
844 3667 913 3712 esse
935 3645 1117 3733 participes.

299 3747 476 3828 “Quanta
508 3753 621 3813 autem
651 3747 866 3813 reatitudinis
906 3747 1002 3833 culpa
1033 3751 1210 3816 teneantur
1249 3748 1307 3814 ob·

253 3850 362 3917 stricti
391 3849 427 3913 hi
464 3850 523 3935 qui
559 3848 786 3914 idolatria-rum
816 3849 1121 3935 perniciosissimam
1151 3852 1307 3936 supersti-

254 3952 381 4017 tionem
407 3951 550 4018 oolentes
580 3951 832 4037 amplectuntur,
855 3973 967 4016 eorum
997 3973 1078 4037 quos
1107 3951 1221 4016 colunt
1251 3973 1307 4016 ex-

256 4055 364 4141 empla
401 4053 596 4141 perditionis
634 4053 825 4130 insinuant3
864 4052 952 4118 unde
976 4053 1015 4118 de
1053 4052 1099 4117 eis
1136 4073 1195 4138 per
1217 4053 1307 4118 Psal-

255 4156 389 4220 mistam
413 4151 579 4220 diciturz⁶
601 4153 742 4220 ‘Omnes
767 4154 814 4219 dii
837 4154 987 4242 gentium
1006 4153 1176 4232 daemonia,
1193 4154 1307 4221 Domi-

256 4279 319 4328 nus
341 4264 453 4323 autem
479 4257 577 4322 coelos
600 4256 697 4321 fecit?
742 4256 788 4322 Et
813 4257 934 4322 iterum
948 4253 974 4322 ι8
1005 4255 1144 4324 ‘Oculos
1173 4255 1304 4336 habent,

292 4568 363 4634 ¹⁸⁸⁸]
376 4568 607 4634 ‘ulqmsstffi
839 4569 954 4640 ⁴Dnm]
968 4573 1051 4626 Deum
1062 4575 1244 4638 Patrem,Iled

290 4648 302 4678 ¹
308 4647 430 4714 proserta]
450 4649 544 4721 placeo,
560 4647 617 4700 MS.
651 4649 702 4701 But
719 4665 760 4701 see
837 4651 903 4703 ‘Pa
914 4653 982 4704 xcvi.
995 4660 1017 4705 5.

261 4725 324 4777 bed
335 4725 360 4777 ii.
372 4733 410 4779 lu
837 4731 901 4784 'Pa
913 4745 971 4784 cxv.
983 4738 1056 4786 5-8.

297 4806 483 4874 ἀφήῃ]
495 4807 664 4874 angariorum,
673 4807 728 4862 Mb
