3542 5800
488 821 535 872 nr
555 821 671 874 omns
692 821 814 874 ersus
834 819 1019 874 sset-u
1045 811 1095 871 50.
1241 807 1303 874 199

254 1008 453 1094 impendere,
479 1015 515 1076 et
538 1010 611 1076 sive
635 1009 857 1096 periclitantes
882 1009 943 1075 hoc
967 1009 1081 1074 morbo
1107 1032 1127 1074 a
1151 1008 1305 1096 presenti

253 1116 362 1178 morte
382 1111 545 1189 liberaret,
570 1135 628 1179 seu
652 1116 802 1198 raptose
825 1113 949 1178 mundo
971 1134 992 1178 a
1015 1115 1172 1198 perpetua
1186 1112 1306 1178 enimse

255 1213 466 1280 damnatione
487 1219 639 1280 servaret

301 1315 386 1384 Erat
407 1322 488 1382 tunc
515 1319 673 1404 temporis
701 1319 740 1384 in
767 1318 882 1384 eodem
913 1317 1110 1384 monasterio
1148 1315 1304 1404 puerulus
1318 1325 1440 1378 serras
1549 1357 1554 1366 -

257 1419 392 1502 quidum
419 1418 461 1486 de
483 1421 618 1486 natione
644 1420 821 1498 Serenum,
844 1442 949 1506 nuper
974 1425 1110 1486 vocatus
1132 1419 1174 1484 ed
1196 1419 1303 1496 fidem,
1317 1395 1430 1512 3⁶12,OE

258 1521 316 1604 qui
339 1522 454 1588 eedem
477 1527 585 1589 tectus
606 1523 807 1603 infirmitate,
832 1545 900 1588 non
924 1543 1027 1609 pauco
1049 1529 1197 1612 tempore
1214 1534 1474 1606 recu-⁸rpwl02

258 1621 340 1690 bans
366 1625 403 1690 in
425 1624 545 1690 lectulo
571 1624 705 1690 iacebat.
752 1623 837 1690 Cum
863 1647 940 1712 ergo
970 1624 1111 1690 secunda
1134 1624 1305 1690 memorati
1318 1595 1465 1660 dmm

259 1723 374 1791 ieiunii
403 1747 441 1793 se
466 1727 742 1813 supplicationum
773 1727 841 1792 dies
867 1733 1026 1813 ageretur,
1062 1727 1202 1812 contigit
1223 1726 1307 1790 sorte

260 1827 368 1912 ipsum
402 1850 541 1914 puerum
575 1829 657 1894 hora
694 1830 796 1894 ferme
828 1831 970 1894 secsmda
1001 1829 1075 1908 diei,
1107 1829 1143 1892 in
1173 1827 1242 1894 loco
1272 1827 1307 1891 in

261 1951 326 2014 quo
355 1953 442 2018 aeger
471 1931 606 2009 iacebat,
634 1932 739 1998 solum
770 1931 932 1997 inveniri:
965 1931 1018 1996 cui
1050 1929 1174 1995 Divina
1203 1929 1310 2016 dispo·

261 2031 380 2098 sitione
403 2033 513 2100 subito
539 2034 719 2101 beatissimi
749 2035 912 2120 principes
942 2033 1161 2122 apostolorum
1192 2033 1310 2100 Petrus

261 2139 297 2200 et
333 2134 455 2202 Paulus
492 2137 621 2222 dignati
658 2142 737 2201 sunt
775 2157 938 2222 appetere.
986 2135 1068 2201 Erat
1106 2137 1194 2200 euim
1230 2157 1312 2223 puer

263 2237 404 2302 multum
428 2238 584 2324 simplicis
607 2261 646 2304 sc
669 2241 832 2304 mansueti
858 2239 970 2318 animi,
997 2239 1188 2324 sincereque
1214 2239 1311 2304 devo-

262 2339 352 2404 tione
376 2347 579 2406 sacramenta
607 2341 685 2406 fidei
708 2363 782 2426 quae
813 2346 999 2428 susceperat
1029 2363 1170 2406 servans.
1218 2341 1312 2406 Selu-

261 2447 371 2506 tantes
405 2465 482 2528 ergo
518 2443 613 2508 illum
644 2443 753 2507 verbis
781 2445 936 2530 piissimis
971 2445 1109 2529 apostoli
1134 2444 1308 2510 dicebant:

263 2550 281 2580 ‘⁴
296 2543 376 2608 Noli
401 2545 525 2621 timere,
556 2545 614 2623 fili,
638 2551 778 2610 mortem
801 2567 859 2631 pro
890 2567 956 2630 qua
984 2547 1142 2612 sollicitus
1167 2567 1219 2610 es:
1252 2567 1312 2610 nos

261 2646 350 2710 enim
371 2653 408 2711 te
430 2646 587 2712 hodierna
607 2647 661 2712 die
687 2647 731 2711 ed
751 2647 896 2712 ooelestia
919 2669 1030 2714 sumus
1052 2669 1153 2734 regna
1175 2650 1312 2734 perduc·

260 2748 336 2834 turi.
382 2747 450 2814 Sed
478 2750 620 2835 primum
646 2755 817 2834 expectare
846 2749 948 2813 habes
978 2751 1080 2814 donec
1102 2751 1209 2815 missae
1231 2752 1311 2816 cele-

261 2851 407 2930 brentur,
447 2873 484 2919 sc
520 2851 643 2918 viatico
680 2851 847 2918 Dominiei
885 2853 1028 2940 corporis
1066 2873 1104 2919 ee
1141 2853 1311 2939 sanguinis

261 2962 403 3042 accepto,
425 2956 473 3021 sic
501 2955 695 3021 infirmitate
718 2956 817 3021 simul
845 2962 881 3020 et
918 2961 1024 3019 morte
1062 2954 1231 3020 absolutus
1269 2956 1312 3023 ed

261 3064 385 3125 aeteme
413 3060 449 3123 in
478 3058 569 3124 ooelis
595 3059 715 3145 gaudia
748 3058 936 3124 subleveris.
1000 3058 1117 3123 Olsma
1154 3077 1231 3143 ergo
1268 3058 1311 3121 ed
1375 3082 1381 3093 ·

261 3167 296 3226 te
328 3160 556 3247 presbyterum
590 3162 726 3247 Eppam,
758 3165 793 3225 et
824 3159 926 3225 dicito
960 3158 1008 3223 illi
1040 3159 1118 3243 quia
1149 3158 1311 3224 Dominus

262 3263 435 3328 exaudivit
470 3284 581 3349 preces
603 3268 736 3336 vestras,
784 3269 818 3326 et
856 3262 1064 3325 devotionem
1106 3280 1144 3325 ac
1188 3260 1312 3325 ieiunia

260 3365 422 3451 propitius
455 3364 608 3451 espenitz
657 3386 762 3449 neque
791 3363 910 3449 aliquis
941 3364 980 3427 de
1018 3363 1078 3427 hoc
1114 3364 1311 3429 monasterio

261 3469 331 3533 sive
359 3467 584 3533 ediscentibus
619 3467 650 3531 ei
679 3463 957 3551 possessiunculis¹
998 3466 1059 3530 hac
1096 3464 1187 3531 clade
1224 3465 1312 3531 ultra

261 3570 438 3636 moriturus
466 3574 537 3649 est3
574 3568 632 3633 sed
663 3588 775 3633 omnes
805 3568 863 3652 qui
890 3568 1009 3632 alicubi
1036 3568 1077 3633 de
1101 3568 1221 3633 vestris
1252 3567 1312 3633 hac

262 3672 458 3759 aegritudine
488 3671 650 3746 laborent,
682 3670 896 3735 resurrecturi
926 3692 946 3734 e
978 3669 1142 3755 languore,
1170 3670 1312 3755 pristine

262 3780 339 3843 sum
350 3774 507 3862 sospitate
521 3772 742 3860 recuperandi,
758 3778 879 3858 pueter
894 3778 927 3837 te
949 3772 1054 3836 solum
1076 3772 1133 3855 qui
1154 3771 1311 3837 hodierna

261 3900 297 3945 ee
333 3877 387 3943 die
423 3876 612 3941 liberandus
646 3897 667 3939 a
703 3880 818 3953 morte,
850 3880 884 3938 et
911 3874 953 3937 sd
983 3874 1143 3937 visionem
1175 3870 1311 3936 Domini.

263 3980 395 4055 Christi,
426 3979 480 4045 cui
509 3977 651 4043 fideliter
680 3976 818 4051 servisti,
845 3974 1069 4062 perducendus
1102 3973 1139 4036 in
1169 3972 1307 4037 coelum:

262 4081 350 4168 quod
381 4081 506 4147 Divina
534 4072 629 4146 vobis
653 4079 759 4163 pietus
786 4100 846 4163 per
874 4076 1137 4141 intercessionem
1168 4073 1311 4159 religiosi

262 4208 299 4251 ac
326 4184 398 4249 Deo
421 4182 533 4249 dilecti
560 4180 709 4247 Oswaldi
733 4180 827 4267 regis,
847 4180 905 4265 qui
921 4178 1086 4263 quondam
1110 4176 1202 4263 genti
1225 4176 1310 4242 Nor·

263 4286 494 4352 thumbrorum
521 4290 555 4349 et
581 4270 673 4370 regni
697 4280 885 4367 temporalis
912 4280 1109 4344 auctoritate
1140 4284 1173 4344 et
1199 4278 1310 4345 Chris-
1371 4288 1375 4295 '

261 4393 363 4484 tianae
386 4388 529 4476 pietatis,
555 4409 629 4473 quae
644 4386 688 4451 ad
702 4406 839 4471 regnum
855 4404 997 4469 perenne
1012 4381 1111 4461 ducit,
1135 4383 1310 4453 devotione

654 4598 907 4609 ---.-...-...
986 4598 1053 4604 ....-..
1083 4598 1094 4604 -
1121 4598 1149 4603 -.
1174 4598 1187 4603 ...
1206 4598 1312 4605 .--....-

515 4728 745 4799 mammete]
770 4728 985 4793 misnense,
998 4728 1054 4781 us.
