3542 5800
474 896 520 946 nn
540 893 655 948 unus
676 897 796 949 ursnu
817 896 999 952 sucu-11.
1025 889 1075 954 64.
1244 889 1307 960 279

263 1082 474 1170 impiissimus
496 1085 621 1166 hebuit,
636 1087 729 1154 cuius
742 1087 885 1158 nefsnds
899 1091 1040 1160 factione
1062 1091 1178 1160 bestus
1198 1115 1258 1160 rex
1272 1102 1307 1162 et

263 1190 389 1272 mndyr
425 1187 650 1256 AEthelbertns
686 1192 847 1260 occubuit
909 1195 954 1262 Et
987 1217 1062 1263 vers
1092 1197 1128 1262 in
1164 1198 1306 1264 tenebris

263 1309 365 1354 caecus
394 1292 524 1368 erravit,
563 1293 621 1378 qui
651 1293 738 1360 diem
771 1294 907 1362 Domini
944 1321 1013 1386 prae
1050 1300 1150 1366 oculis
1187 1299 1305 1367 hebere

261 1391 428 1456 meuserit
475 1392 517 1457 In
531 1393 589 1458 ills
609 1393 663 1460 die
676 1397 815 1462 stabunt
835 1399 916 1464 iusti
931 1401 967 1466 in
981 1423 1101 1490 magns
1123 1404 1306 1469 contentis

261 1493 415 1559 adversm
436 1515 491 1560 eos
520 1495 578 1581 qui
607 1519 643 1562 se
676 1501 968 1586 angustiaverunt¹
1014 1503 1106 1571 ltine
1135 1510 1233 1571 sumt
1255 1529 1306 1572 sc·

260 1601 429 1676 mentones,
452 1598 510 1682 qui
523 1619 611 1664 nunc
624 1599 760 1666 fuerunt
778 1605 941 1672 swusstit
966 1611 1047 1672 tuno
1060 1613 1158 1674 erunt
1171 1609 1305 1674 dumne-

260 1701 356 1773 terss,
377 1699 436 1784 qui
463 1719 549 1766 nunc
575 1699 710 1768 ffiernnt
731 1703 888 1773 damnati.

303 2143 549 2212 Commo.
595 2145 747 2212 invectio
769 2142 812 2211 in
835 2141 946 2231 Offam
968 2152 999 2211 et
1021 2143 1109 2211 mule
1132 2141 1259 2230 egendi

696 2247 859 2316 neceto.

304 2451 399 2534 QUID
423 2453 529 2532 facies,
547 2449 630 2533 offa„
653 2453 734 2540 quid
759 2453 864 2530 facies,
881 2453 1011 2540 quando
1033 2452 1161 2520 videbis
1177 2453 1442 2537 AEthel-Inveetive

258 2557 387 2621 bertum
420 2554 561 2623 iudicem
582 2555 696 2622 venire
725 2579 799 2622 cum
830 2557 963 2623 Christo
994 2563 1028 2623 et
1049 2561 1180 2646 recepte
1204 2535 1409 2644 curnefflm

256 2657 395 2745 gloriose
428 2681 527 2745 quam
555 2657 682 2746 punisti
710 2679 767 2747 per
797 2659 915 2725 secula
945 2657 1136 2726 saecissorum
1166 2681 1301 2746 regnare

257 2782 332 2828 eum
345 2761 427 2826 illel
469 2761 563 2826 Tunc
576 2759 854 2827 illuminabuntur
875 2759 1067 2826 abscondite
1090 2761 1301 2828 tenebrarum

258 2868 292 2929 et
335 2863 631 2931 manifestabuntur
675 2863 809 2930 consilis
853 2865 1007 2929 cordium.
1070 2863 1198 2951 Fugere
1235 2887 1303 2931 non

257 2966 399 3053 poteris:
422 2967 524 3033 latere
538 2965 696 3053 nequibis,
742 2966 780 3031 Si
794 2968 829 3031 in
851 2967 924 3032 vite
945 2972 1004 3031 tue
1019 2967 1151 3053 dignum
1166 2969 1305 3053 exegisti

257 3070 491 3156 prenitentism,
524 3091 637 3134 veram
667 3092 688 3133 c
718 3069 789 3133 Dec
818 3068 954 3154 recipies
983 3068 1239 3153 indulgentium:
1276 3069 1304 3133 si

257 3178 367 3237 autem
389 3190 455 3238 non
484 3169 670 3259 paenituisti
703 3172 739 3236 in
768 3171 895 3247 seculo,
927 3170 1121 3257 paenitentis
1150 3174 1210 3235 tus
1239 3173 1303 3237 erit

257 3276 406 3341 remedio.
462 3274 579 3355 Quare,
604 3273 722 3340 frates
747 3274 821 3351 mei,
849 3294 965 3338 verum
988 3279 1038 3339 est
1062 3274 1301 3360 quodquidam

257 3378 465 3465 philosophus
493 3378 550 3455 uit,
580 3378 616 3441 in
638 3378 699 3442 hac
725 3378 797 3442 vitu
827 3377 1052 3462 delinquentes
1082 3376 1203 3442 similes
1233 3400 1301 3443 esse
1393 3378 1397 3387 '

257 3502 351 3568 super
379 3480 503 3566 rsqusle
533 3480 637 3545 solum
663 3479 864 3559 cadentibus,
900 3479 1019 3565 quibus
1049 3480 1158 3545 denuo
1182 3486 1300 3567 praestc

255 3585 300 3649 sit
324 3605 455 3670 surgere
476 3582 547 3648 sine
568 3581 782 3648 difficultate:
806 3584 935 3647 animm
965 3602 1044 3647 vero
1073 3604 1118 3648 ex
1140 3582 1201 3648 hnc
1230 3586 1302 3649 vite

254 3708 329 3752 cum
350 3686 544 3753 delictorum
566 3684 717 3751 sordibus
748 3686 935 3751 recedentes
965 3686 1140 3771 aequandss
1169 3686 1221 3752 his
1243 3688 1301 3772 qui

256 3790 433 3876 nbmptrun
476 3810 521 3853 ex
557 3786 626 3852 eltc
656 3788 882 3875 praecipitique
927 3788 1051 3875 delapsi
1088 3792 1174 3867 sunt
1212 3790 1300 3855 unde

252 3892 390 3957 insultes
412 3910 582 3976 nunquam
604 3890 649 3955 sit
671 3890 870 3976 resurgendi,
925 3888 1006 3955 Ideo
1035 3910 1111 3975 ergo
1137 3890 1298 3955 utendum

252 3994 409 4060 concessis
422 3994 504 4059 vites
525 3992 648 4079 spatiis
664 3997 704 4057 ut
724 3992 875 4079 perfectus
901 3991 1103 4077 purgationis
1126 3992 1171 4056 sit
1195 3992 1298 4057 maior

253 4096 398 4163 neilus
455 4095 600 4162 Utamur
622 4099 657 4161 et
679 4115 748 4170 nos,
776 4092 987 4171 dilectissimi,
1011 4094 1166 4181 temporis
1191 4096 1297 4180 spatio

253 4200 347 4266 nobis
360 4222 383 4265 s
404 4198 547 4264 Domino
562 4196 634 4263 Deo
660 4200 772 4263 nostro
794 4216 951 4272 concesso,
968 4198 1003 4261 et
1017 4196 1107 4280 quod
1130 4194 1297 4263 Salomon

252 4304 300 4367 uit
325 4304 548 4388 unusquisque
572 4304 722 4366 nostrum
744 4300 886 4365 retinere
915 4296 1077 4385 operando
1107 4300 1238 4366 studeat
1260 4301 1296 4365 in

253 4405 349 4471 corde
371 4426 437 4470 suo.
485 4404 555 4469 “ln
569 4404 721 4469 omnibus
742 4402 893 4489 operibus
907 4401 974 4466 tuis
996 4422 1174 4467 memorare
1188 4404 1296 4469 novis-

252 4508 335 4573 sime
358 4514 428 4586 tua,
455 4512 489 4573 et
513 4508 548 4571 in
571 4511 731 4573 aeternum
755 4526 821 4571 non
844 4503 1018 4590 peccabis''
1064 4505 1109 4571 Et
1131 4505 1210 4571 alibi
1235 4528 1294 4571 nos
