3542 5800
337 874 344 887 '
470 896 517 947 nr
537 894 652 948 onena
675 894 796 947 aranu
817 892 1001 947 uuna-11.
1017 880 1068 943 36.
1229 880 1291 943 145

243 1080 468 1147 Bernieiorum
503 1086 602 1170 gente
640 1086 784 1148 erectum
815 1086 874 1161 eat,
899 1082 1089 1169 priusquam
1115 1080 1175 1145 hoc
1195 1100 1293 1145 sacrm

243 1184 346 1249 crucis
381 1184 542 1250 vexillum
571 1207 679 1251 novus
714 1186 843 1251 militiae
878 1185 1002 1263 ductor,
1041 1184 1185 1250 dictante
1216 1182 1292 1249 fidei

242 1286 425 1364 devotione,
471 1293 587 1355 contra
620 1288 747 1353 hostem
784 1286 1047 1353 inmanissimum
1089 1292 1294 1374 pugnaturus

242 1393 412 1455 statuerat
471 1390 544 1456 Nec
576 1390 618 1456 ab
649 1412 686 1455 re
708 1392 761 1455 est
790 1412 895 1455 unum
921 1412 940 1455 o
969 1388 1125 1477 pluribus,
1150 1410 1224 1475 qum
1250 1388 1293 1453 ad
1309 1396 1452 1449 nummu

241 1490 326 1557 hanc
349 1514 477 1557 crucem
502 1497 643 1579 patratas
665 1498 751 1569 sunt,
779 1492 915 1557 virtutis
941 1492 1133 1557 miraculum
1154 1512 1292 1555 narrare.
1306 1462 1428 1583 wi

243 1592 387 1674 Quidam
410 1595 452 1659 de
472 1596 630 1661 fratribus
648 1595 793 1660 eiusdem
818 1594 1115 1681 Hungustaldensis
1140 1593 1292 1670 ecclesiae,

241 1696 375 1763 nomine
402 1696 606 1776 Bothelmus,
630 1696 709 1761 dum
736 1698 899 1763 incautius
921 1698 957 1762 in
981 1696 1083 1783 glaeie
1105 1701 1201 1760 nocte
1216 1718 1295 1781 qua·

242 1797 319 1862 dam
345 1796 511 1875 incideret,
538 1804 673 1885 repente
695 1820 849 1864 comens
874 1798 1045 1863 brachium
1069 1797 1234 1875 contrivit,
1258 1818 1295 1863 ac

242 1899 437 1986 gravissima
461 1901 616 1967 fracturae
635 1900 739 1988 ipsius
763 1901 865 1987 ooepit
891 1901 1042 1967 molestia
1067 1900 1200 1987 fatigari
1212 1924 1220 1979 ;
1246 1900 1295 1964 ita

242 2007 282 2067 ut
309 2024 353 2067 ne
384 2003 427 2068 ad
457 2025 493 2069 os
526 2003 660 2090 quidem
692 2003 852 2069 adducere
883 2004 991 2090 ipsum
1015 2001 1187 2068 brachium
1214 2001 1297 2066 ulla-

242 2108 340 2169 tenus
375 2104 485 2171 dolore
519 2110 649 2171 arcente
679 2105 812 2172 valeret
859 2105 925 2186 Qui
957 2126 1031 2170 cum
1067 2104 1120 2169 die
1154 2104 1296 2189 quadum

243 2228 339 2271 mane
368 2208 499 2273 audiret
527 2230 632 2273 unum
672 2208 714 2273 de
750 2206 909 2272 fratribus
938 2206 981 2272 sd
1007 2206 1114 2272 locum
1152 2206 1296 2272 eiusdem

244 2314 367 2376 sanctae
388 2310 492 2376 crucis
513 2310 686 2377 ascendere
705 2310 911 2396 disposuisse,
934 2310 1066 2396 rogavit
1089 2314 1129 2374 ut
1153 2308 1296 2395 aliquam

242 2418 370 2499 partem
398 2412 463 2478 sibi
504 2412 545 2477 de
579 2412 635 2478 illo
671 2412 761 2499 ligno
786 2412 967 2477 venerabili
997 2412 1124 2478 rediens
1155 2411 1295 2489 afferret,

243 2515 373 2581 credere
394 2536 431 2581 se
452 2514 573 2594 dicens,
590 2515 668 2601 quia
682 2536 740 2600 per
758 2514 818 2581 hoc
838 2514 981 2580 donante
999 2514 1141 2579 Domino
1157 2514 1296 2579 salutem

243 2622 353 2703 possm
378 2616 538 2702 consequi
585 2616 679 2681 Fecit
703 2615 759 2681 ille
783 2621 823 2681 nt
847 2622 983 2703 rogatus
1007 2621 1065 2693 est,
1089 2622 1126 2681 et
1149 2638 1297 2683 reversus

244 2719 287 2783 ad
308 2739 488 2805 vesperam,
519 2718 709 2785 sedentibus
739 2717 805 2783 iam
825 2718 869 2783 ad
888 2740 1034 2784 mensam
1057 2719 1222 2797 fratribus,
1242 2741 1298 2805 op

247 2820 325 2887 tulit
348 2822 381 2886 ei
410 2820 537 2907 aliquid
567 2821 608 2885 de
638 2822 744 2887 veteri
767 2841 889 2901 musco,
917 2843 982 2908 quo
1008 2818 1193 2908 superficies
1218 2822 1299 2909 ligni

245 2929 317 2989 erat
341 2923 456 2989 obsita
503 2921 570 3005 Qui
596 2944 672 2989 cum
698 2923 813 2988 sedens
836 2925 879 2989 ad
904 2945 1049 2988 mensam
1076 2946 1143 2990 non
1163 2923 1301 2990 haberet

245 3026 289 3091 ad
303 3047 439 3091 manum
462 3025 522 3091 ubi
537 3026 684 3091 oblatum
707 3025 770 3090 sibi
791 3047 912 3090 munus
934 3031 1115 3112 reponeret,
1134 3025 1225 3092 misit
1240 3025 1301 3091 hoc

246 3127 282 3192 in
305 3129 415 3194 sinum
439 3127 510 3193 sibi
566 3127 612 3192 Et
635 3127 716 3192 dum
739 3127 804 3193 iret
826 3127 975 3193 cubitum
1000 3125 1123 3192 oblitus
1152 3126 1213 3192 hoc
1243 3127 1302 3192 ali-

246 3231 321 3295 cubi
354 3231 526 3317 deponere,
557 3229 707 3317 permisit
736 3251 796 3294 suo
829 3231 866 3294 in
903 3229 978 3294 sinu
1008 3249 1205 3314 permanere.
1252 3229 1301 3294 At

248 3333 355 3399 medio
377 3331 484 3398 noctis
505 3337 653 3418 tempore
675 3353 749 3396 cum
765 3332 945 3418 evigilaret,
969 3331 1072 3396 sensit
1094 3331 1202 3398 nescio
1222 3332 1303 3418 quid

247 3434 359 3522 frigidi
388 3455 448 3500 suo
476 3433 573 3499 lateri
602 3434 758 3511 adiacere,
790 3435 987 3520 admotaque
1008 3455 1110 3498 manu
1135 3435 1303 3521 requirens

250 3536 329 3624 quid
351 3540 444 3616 esset,
470 3536 520 3602 ita
542 3557 660 3602 eanum
686 3535 857 3601 brachium
879 3557 1078 3622 manumque
1094 3539 1245 3624 repperit,
1266 3560 1304 3604 ac

250 3641 278 3704 si
302 3640 387 3705 nihil
410 3660 557 3725 unquam
592 3639 681 3704 tanti
705 3636 890 3726 languoris¹
914 3638 1112 3706 habuissent
1168 3639 1303 3708 Dictum

251 3763 328 3808 vero
354 3745 406 3808 cst
435 3741 476 3806 de
507 3740 664 3807 Osvaldo
693 3763 779 3827 rege,
810 3741 900 3827 quod
926 3742 969 3808 ob
999 3743 1149 3808 crebrum
1179 3765 1302 3808 morem
1316 3757 1437 3808 Provera

252 3843 374 3922 orandi,
409 3845 478 3908 aive
516 3843 641 3930 gratias
679 3843 751 3908 Deo
788 3843 915 3930 agendi,
954 3865 1080 3930 semper
1118 3824 1434 3940 ubicunquefflsse

253 3945 381 4012 sederet
417 3945 552 4032 supinas
589 3966 686 4032 super
727 3965 836 4032 genua
877 3966 996 4010 manus
1029 3945 1150 4010 habere
1187 3947 1305 4010 solitus
1316 3955 1446 4034 animabus

255 4048 360 4114 luerit
412 4046 512 4114 Unde
539 4047 646 4112 adhuc
672 4047 922 4135 proverbialiter
952 4047 1017 4113 dici
1043 4047 1144 4113 solet:
1171 4055 1189 4082 ‘¹
1204 4047 1303 4126 Deus,
1316 4030 1442 4139 iffi&

255 4151 405 4320 ἰίωτξτξ
437 4148 611 4216 animabus
641 4149 769 4228 nostris,
793 4149 882 4215 dixit
916 4147 1089 4214 Oswaldus
1122 4149 1239 4216 cadens
1269 4150 1305 4216 in
1318 4155 1448 4273 &1⁶3st

291 4277 352 4319 rra
1319 4288 1407 4342 m„

258 4453 441 4464 ι--ᾳ-ο-
673 4455 737 4463 --——
745 4455 963 4472 -ω-Ϋ--υ

288 4586 445 4656 ¹¹⁶⁸n⁰ri³l
458 4587 645 4654 lugemus.
807 4586 1076 4719 ”neptam-tna]
1102 4590 1149 4643 see
1167 4589 1309 4652 semu.

1151 4923 1176 4970 K
