3542 5800
477 852 542 915 128
740 863 806 915 arc
831 864 878 913 nu
900 862 1034 913 cresus.
1057 863 1147 913 sruc.
1170 863 1259 913 msc.

474 1054 636 1116 terrarum
658 1056 694 1117 et
715 1050 815 1117 maris
843 1051 951 1138 spatia
981 1072 1041 1138 pro
1071 1048 1252 1116 ordinando
1290 1046 1528 1134 archiepiscopo

474 1174 602 1239 semper
626 1152 766 1241 fatigari
812 1153 962 1234 Quarum
988 1152 1090 1219 etiam
1114 1158 1247 1219 textum
1277 1150 1462 1217 litterarum
1493 1151 1527 1215 in

474 1258 588 1320 nostra
608 1254 670 1321 hac
691 1254 831 1322 historia
851 1277 972 1342 ponere
995 1256 1202 1321 commodum
1225 1254 1388 1320 duximus

532 1355 790 1423 “Dilectissimo
826 1356 924 1423 fratri
963 1356 1113 1422 Honorio
1151 1354 1321 1422 Honorius
1358 1354 1526 1441 episcopus

410 1434 438 1466 a
474 1478 590 1524 servus
603 1480 773 1525 servorum
797 1459 869 1525 Dei.
915 1460 1010 1525 Inter
1032 1458 1176 1548 plurima
1198 1480 1273 1545 quse
1297 1455 1526 1543 Redemptoris

474 1560 581 1627 nostri
617 1560 840 1628 misericordia
875 1562 944 1627 suis
981 1562 1113 1627 famulis
1162 1561 1320 1648 dignetur
1365 1559 1526 1624 bonorum

475 1685 613 1729 munera
637 1686 830 1751 praerogare,
854 1664 938 1729 illud
968 1664 1070 1729 etiam
1104 1663 1281 1729 clementer
1310 1662 1431 1727 collata
1459 1682 1527 1726 sure

474 1765 610 1851 pietatis
646 1766 873 1833 munificentia
915 1764 1046 1845 tribuit,
1082 1764 1235 1851 quotiens
1271 1785 1330 1851 per
1365 1763 1527 1828 fraternos

475 1868 612 1934 affectus
637 1868 827 1934 unanimem
856 1868 1065 1933 dilectionem
1088 1868 1230 1954 quadam
1252 1865 1528 1952 contemplatione

475 1970 610 2037 alternis
643 1970 829 2059 aspectibus
861 1974 1084 2058 repraesentat.
1130 1969 1195 2034 Pro
1219 1968 1339 2055 quibus
1361 1965 1527 2033 maiestati

473 2072 544 2139 eius
580 2072 705 2160 gratias
742 2074 968 2140 indesinenter
1012 2070 1220 2149 exsolvimus,
1260 2091 1400 2157 cumque
1436 2069 1526 2135 votis

472 2174 673 2262 supplicibus
703 2197 884 2252 exoramus,
913 2180 952 2239 ut
977 2180 1122 2241 vestram
1149 2173 1356 2239 dilectionem
1382 2172 1420 2236 in
1443 2194 1527 2259 pue·

473 2276 637 2343 dicatione
651 2278 815 2364 evangelii
834 2278 1058 2343 elaborantem
1073 2282 1108 2341 ct
1123 2276 1383 2352 fructificantem,
1400 2281 1526 2341 secte-u·

361 2360 366 2371 ’
472 2382 606 2463 temque
627 2378 778 2465 magistri
800 2383 835 2444 et
856 2378 974 2466 capitis
996 2379 1048 2443 sui
1070 2378 1175 2444 sancti
1197 2377 1347 2465 Gregorii
1369 2377 1524 2463 regulam,

472 2480 601 2566 perpeti
622 2480 804 2545 stabilitate
826 2481 1005 2557 confirmet,
1030 2485 1065 2546 et
1087 2480 1130 2545 ad
1149 2486 1363 2568 augmentum
1385 2479 1525 2545 ecclesiae

472 2603 542 2646 suae
570 2582 701 2669 potiora
729 2603 874 2669 perros
904 2583 1040 2649 suscitet
1070 2583 1292 2662 incrementc3
1325 2587 1366 2647 ut
1394 2581 1461 2647 fide
1491 2586 1525 2647 et

472 2704 578 2768 opere,
594 2684 632 2748 in
645 2684 764 2749 timore
787 2684 852 2750 Dei
870 2690 906 2749 ct
924 2685 1069 2762 caritate,
1085 2690 1196 2751 vestra
1218 2684 1396 2772 adquisitio
1418 2684 1526 2750 deces-

471 2806 647 2872 sorumque
661 2792 852 2863 vestrorum,
870 2808 945 2871 quse
963 2809 1022 2873 per
1040 2787 1165 2854 domini
1184 2787 1333 2874 Gregorii
1352 2786 1524 2853 exordium

472 2887 622 2975 pullulat,
653 2888 907 2956 convalescendo
945 2889 1086 2976 amplius
1124 2889 1346 2970 extendatur;
1383 2892 1423 2954 ut
1453 2888 1525 2976 ipss

472 3012 533 3056 vos
568 2990 735 3057 Dominici
773 2991 896 3078 eloquii
933 2992 1093 3078 promissa
1123 2993 1159 3056 in
1188 2991 1301 3056 future
1338 2991 1522 3078 respiciant,

472 3113 594 3179 vosque
632 3115 701 3158 vox
738 3092 805 3158 ista
841 3094 884 3158 ad
921 3099 1081 3159 aeternam
1111 3093 1329 3160 festivitatem
1366 3088 1520 3159 evocet:¹

473 3194 619 3260 ‘Venite
641 3195 684 3260 ad
705 3215 759 3259 me
781 3215 894 3260 omnes
919 3195 976 3279 qui
996 3194 1153 3260 laboratis
1175 3201 1211 3260 et
1232 3195 1361 3260 onerati
1380 3195 1468 3272 estis,
1489 3199 1523 3260 et

472 3317 533 3382 ego
554 3297 698 3362 reficiam
720 3297 800 3362 vos'
845 3296 891 3362 Et
914 3297 1077 3364 iterum:²
1113 3297 1234 3385 ‘Euge
1260 3318 1353 3362 serve
1379 3296 1465 3361 bone
1488 3301 1523 3362 et

471 3398 600 3477 fidelis;
630 3399 709 3484 quia
729 3419 828 3484 super
849 3421 954 3486 pauca
976 3398 1071 3465 fuisti
1096 3398 1209 3478 fidelis,
1235 3421 1334 3487 supra
1357 3399 1463 3464 mults
1489 3403 1523 3464 tc

471 3501 688 3564 constituam:
727 3499 817 3564 intra
847 3503 883 3566 in
914 3501 1072 3587 gaudium
1102 3501 1238 3567 Domini
1268 3500 1342 3566 tui!
1386 3500 1432 3566 Et
1463 3522 1523 3566 nos

471 3601 632 3684 equidem,
647 3600 765 3666 fratres
779 3602 946 3682 carissimi,
963 3603 1033 3670 haec
1047 3603 1142 3669 vobis
1164 3625 1223 3691 pro
1245 3608 1371 3670 aeterna
1385 3603 1523 3670 caritate

471 3701 711 3768 exhortationis
725 3703 827 3770 verba
848 3704 1095 3791 premittentes,
1113 3727 1188 3792 quae
1209 3727 1322 3772 rursus
1344 3727 1403 3792 pro
1426 3705 1523 3771 cocle-

470 3805 594 3870 siarum
623 3810 808 3872 vestrarum
844 3807 1029 3894 privilegiis
1066 3829 1244 3894 congruere
1273 3829 1367 3896 posse
1396 3807 1524 3894 conspi-

470 3909 583 3988 cimus,
598 3930 668 3975 non
682 3908 870 3975 desistimus
893 3909 1068 3996 impertire
1115 3909 1161 3976 Et
1175 3917 1245 3976 tam
1267 3909 1364 3976 iuxta
1378 3915 1523 3977 vestram

470 4011 672 4098 petitionem,
712 4033 812 4099 quum
852 4011 997 4077 filiorum
1042 4015 1229 4078 nostromm
1267 4034 1389 4100 regum,
1428 4011 1523 4078 vobis

470 4115 625 4201 prasenti
654 4119 768 4180 nostra
796 4113 1022 4201 praeceptione,
1049 4113 1122 4180 vice
1151 4113 1242 4180 beati
1272 4114 1364 4182 Petri
1394 4119 1524 4202 aposto·

469 4215 576 4280 lorum
613 4216 777 4303 principis,
816 4217 1048 4282 aumontatem
1088 4215 1274 4294 tribuimus,
1314 4221 1354 4283 ut
1389 4217 1523 4302 quando

470 4337 574 4381 unum
596 4337 639 4380 ex
661 4316 755 4382 vobis
779 4316 904 4383 Divina
926 4319 969 4384 ed
991 4339 1025 4384 se
1047 4316 1179 4386 iusserit
1200 4317 1309 4405 gratia
1329 4319 1467 4397 evocari,
1493 4320 1523 4384 is

470 4417 529 4504 qui
558 4422 723 4505 superstes
752 4417 853 4485 tuerit
883 4420 1026 4487 alterum
1056 4420 1092 4485 in
1122 4421 1192 4486 loco
1224 4419 1344 4487 debeat
1374 4419 1523 4488 defuncti

503 4762 614 4816 'Manli
626 4764 662 4816 xi.
674 4771 714 4818 28.
983 4769 990 4838 Ι
1052 4769 1165 4822 ¹ltatlh.
1177 4785 1239 4822 xxv.
1252 4773 1293 4822 2³.
