3542 5800
480 888 526 941 nn
556 887 671 941 aesna
701 887 823 941 asans
852 888 1035 943 asoa—11.
1061 876 1089 941 6.
1265 874 1307 945 67

257 1098 359 1155 causa,
395 1097 471 1142 cum
503 1076 540 1141 in
576 1075 740 1143 consuetis
773 1076 950 1143 menstruis
987 1075 1186 1153 detinentur,
1226 1078 1308 1145 viris

257 1182 322 1246 nris
359 1179 488 1246 misoeri
524 1179 762 1266 prohibentur3
807 1180 857 1245 ita
886 1185 926 1246 ut
963 1186 1068 1246 morte
1106 1182 1161 1247 lex
1198 1180 1304 1249 sncra¹

257 1284 363 1361 feriat,
408 1284 438 1348 si
476 1284 551 1369 quis
587 1284 631 1349 sd
667 1286 906 1349 menstruatam
951 1284 1122 1351 mulierem
1167 1285 1307 1351 accedet.

259 1386 340 1468 Quas
369 1392 484 1452 tamen
512 1386 633 1452 mulier
662 1386 741 1453 dum
772 1388 1040 1453 consuetudinem
1071 1394 1308 1455 menstruatam

256 1491 391 1576 patitur,
428 1487 594 1577 prohiberi
623 1490 792 1555 ecclesiam
821 1490 946 1555 intrare
980 1512 1049 1556 non
1079 1492 1177 1557 debet
1189 1516 1198 1575 ;
1230 1494 1309 1580 quia

259 1592 288 1658 ei
309 1599 439 1659 natm-as
467 1593 675 1678 superfluitas
705 1592 742 1658 in
772 1594 900 1680 eulpam
930 1616 997 1660 non
1027 1595 1117 1661 valet
1138 1597 1308 1683 reputari:

258 1701 292 1761 et
320 1718 380 1783 pro
408 1696 471 1762 hoc
500 1697 589 1783 quod
620 1696 730 1762 invita
758 1698 894 1784 patitur,
934 1698 1059 1764 iustum
1094 1720 1160 1765 non
1190 1704 1240 1765 est
1270 1704 1310 1765 ut

259 1800 407 1886 ingressu
443 1800 585 1867 ecclesiae
623 1800 781 1887 privetur.
842 1800 1005 1867 Novimus
1043 1824 1185 1888 namque
1222 1804 1311 1889 quod

259 1904 376 1971 mulier
401 1926 475 1989 quae
501 1904 631 1969 flrrxum
662 1903 850 1991 patiebatur
875 1905 1052 1991 sanguinis,
1080 1912 1155 1993 post
1180 1912 1309 1991 tergum

261 2007 395 2072 Domini
431 2006 601 2072 humiliter
634 2008 779 2083 veniens,
818 2007 1009 2072 vestimenti
1040 2008 1110 2072 eius
1148 2008 1311 2073 fimbriam

261 2110 380 2197 tetigit,
405 2108 558 2197 [atrpre]2
592 2111 635 2175 ab
667 2132 706 2177 ea
729 2110 845 2175 statim
875 2132 936 2174 sua
967 2110 1141 2176 infirmitas
1171 2111 1311 2178 recessit.

262 2212 297 2277 Si
330 2236 407 2299 ergo
439 2215 475 2278 in
507 2214 600 2279 fluxu
627 2214 796 2301 sanguinis
826 2214 935 2299 posita
964 2212 1174 2279 laudabiliter
1204 2214 1314 2302 potuit

262 2316 396 2381 Domini
432 2316 670 2383 vestimentum
707 2323 865 2401 tangere:
906 2338 964 2381 cur
1001 2338 1074 2402 queo
1112 2322 1313 2382 menstruam

262 2422 428 2507 sanguinis
463 2421 599 2507 patitur,
629 2420 661 2485 ei
687 2442 755 2485 non
779 2419 877 2484 liceat
903 2420 1039 2483 Domini
1067 2421 1235 2487 ecclesiam
1265 2422 1313 2485 in-

262 2528 371 2588 traret
416 2523 483 2588 Sed
505 2524 608 2589 dicis:
638 2523 737 2587 Illam
760 2522 936 2587 infirmitas
959 2524 1139 2609 compulit;
1161 2524 1221 2588 has
1235 2544 1315 2588 vero

262 2626 445 2712 dequibus
469 2626 642 2712 loquimur,
668 2626 869 2691 consuetudo
895 2628 1099 2711 constringit.
1146 2626 1314 2713 Perpende

263 2735 381 2805 autem,
402 2730 505 2795 frater
527 2728 701 2809 carissime,
723 2730 801 2815 quia
824 2750 920 2793 omne
940 2729 1028 2813 quod
1051 2731 1087 2793 in
1102 2730 1163 2794 hae
1183 2731 1315 2796 mortali

264 2854 357 2897 earne
388 2834 536 2920 patimur
567 2854 611 2897 cx
641 2832 836 2896 infirmitate
866 2836 1008 2911 natura,
1038 2838 1088 2897 est
1120 2834 1220 2921 digno
1252 2833 1315 2897 Dei

264 2936 382 3001 indicio
401 2943 477 3023 post
494 2935 623 3022 culpam
638 2933 849 3001 ordinatum.³
896 2935 1029 3000 Esurire
1045 2957 1194 3020 namque,
1215 2937 1315 3015 sitire,

264 3044 408 3117 aeatuare,
446 3040 562 3125 algere,
590 3039 769 3116 lassescere,
801 3059 843 3103 ex
877 3038 1071 3102 infirmitate
1101 3043 1229 3104 naturae
1259 3045 1316 3102 est.

265 3141 308 3206 Et
345 3142 425 3228 quid
464 3148 514 3206 est
551 3142 649 3218 aliud,
688 3146 803 3206 contra
840 3140 961 3204 samem
1000 3139 1165 3220 elimenta,
1204 3145 1317 3206 eontra

264 3246 353 3311 sitim
384 3249 507 3330 potum,
541 3250 656 3309 contra
686 3250 804 3309 aestum
836 3265 942 3320 auras,
975 3247 1089 3308 contra
1110 3243 1214 3330 frigus
1246 3265 1318 3308 ves·

265 3353 339 3425 tem,
367 3351 482 3412 contra
507 3347 735 3413 lassitudinem
766 3347 913 3432 requiem
942 3368 1094 3433 quaerere,
1121 3347 1185 3412 nisi
1215 3347 1317 3410 medi-

266 3457 449 3517 camentum
491 3449 658 3536 quoddam
703 3453 818 3514 contra
861 3449 1074 3536 aegritudines
1124 3450 1318 3538 explorare?

267 3551 409 3618 Feminis
431 3553 542 3638 itaque
565 3557 600 3616 et
621 3557 808 3617 menstruus
831 3552 883 3617 sui
906 3553 1073 3638 sanguinis
1092 3553 1201 3618 fluxus
1225 3553 1319 3640 aegri-

266 3655 345 3720 tudo
362 3659 421 3720 est.
468 3654 505 3719 Si
528 3655 633 3741 igitur
654 3654 738 3719 bene
756 3656 966 3740 praesumpsit
987 3677 1062 3740 quse
1082 3657 1317 3721 uestimentum

268 3757 400 3823 Domini
431 3758 467 3822 in
495 3759 653 3844 languore
680 3758 790 3843 posita
820 3758 942 3844 tetigit,
975 3759 1063 3843 quod
1087 3760 1147 3822 uni
1171 3779 1317 3844 personae

266 3861 446 3926 infirmanti
470 3861 666 3937 conceditur,
692 3883 750 3926 cur
776 3882 843 3924 non
869 3861 1067 3926 concedatur
1094 3862 1221 3926 cunctis
1247 3883 1318 3925 mu·

267 3963 405 4040 lieribua,
434 3985 507 4049 quae
533 3985 602 4029 suae
628 3967 756 4029 naturae
783 3963 868 4027 vitio
898 3963 1134 4028 infinnsnturr
1188 3961 1317 4028 Sanctae

269 4071 376 4132 autem
402 4065 639 4132 communionis
662 4067 859 4152 mysterium
885 4067 921 4131 in
948 4062 1083 4130 eisdem⁴
1109 4062 1221 4129 diebus
1246 4086 1317 4152 per-

269 4169 371 4256 cipere
400 4191 468 4234 non
491 4168 590 4234 debet
612 4168 787 4255 prohiberi.
843 4169 880 4233 Si
903 4173 1014 4233 autnn
1042 4187 1084 4231 ex
1108 4153 1328 4234 veneratione¹

268 4293 387 4358 magna
415 4272 578 4358 percipere
600 4293 668 4337 non
697 4271 876 4359 praesumit,
901 4270 1064 4336 laudanda
1096 4275 1168 4349 est;
1204 4271 1261 4336 sed
1290 4271 1318 4336 si

270 4375 455 4462 perceperit,
479 4395 547 4442 non
570 4374 754 4441 iudicanda
812 4373 980 4440 Bonarum
1007 4374 1127 4461 quippe
1157 4375 1319 4440 mentium

845 4755 855 4781 ⁸
871 4753 1019 4817 ordinatum]
1033 4753 1148 4811 ordinati,
1161 4752 1215 4803 MS.

840 4834 849 4861 ⁴
867 4831 968 4896 eisdem]
983 4831 1088 4894 hisdem,
1100 4831 1156 4882 MS.

1126 4915 1190 4976 ΕΞ
