3542 5800
461 911 505 975 ct
748 922 815 975 am.
838 923 886 973 nr
909 922 1044 973 cranao.
1067 923 1158 975 senc.
1181 922 1269 977 ursr.

456 1110 661 1177 misceantur.
709 1112 779 1177 Cur
807 1133 876 1176 non
907 1133 984 1197 ergo
1019 1116 1053 1178 et
1088 1113 1123 1177 in
1158 1112 1218 1177 hac
1241 1112 1407 1199 spirituali
1432 1113 1520 1178 ordi·

456 1214 599 1293 natione,
631 1235 698 1300 qua
728 1236 789 1301 per
821 1234 950 1279 sacrum
977 1214 1196 1279 ministerium
1227 1214 1324 1279 homo
1348 1216 1420 1279 Deo
1443 1238 1520 1281 cun-

457 1315 614 1403 iungitnr,
646 1317 728 1382 tales
750 1316 963 1397 conveniant,
986 1317 1043 1401 qui
1065 1316 1119 1381 vel
1141 1318 1177 1381 in
1199 1322 1357 1402 provectu
1373 1318 1519 1383 ordinati

458 1420 598 1507 episcopi
620 1420 796 1507 gaudeant,
830 1419 884 1485 vel
913 1441 973 1505 pro
1005 1419 1075 1484 eius
1106 1420 1255 1485 custodia
1285 1420 1519 1507 Omnipotenti

459 1523 530 1589 Deo
552 1545 662 1608 preces
684 1524 809 1608 pariter
830 1519 1024 1588 fundantl''

289 1629 312 1678 ⁷·
329 1627 447 1679 Relation
503 1625 731 1709 [nammatio
746 1624 834 1690 beati
848 1624 1057 1709 Aapustiai.
1082 1624 1261 1705 “Qualiter
1276 1624 1431 1692 debemus
1441 1648 1517 1693 eum

289 1694 434 1812 {ffiffie
459 1727 642 1794 Galliarum
657 1733 758 1815 atque
781 1727 1018 1795 Britannorum
1041 1728 1199 1815 episcopis
1222 1727 1371 1815 agerel''

289 1827 431 1944 gishfrflpf
503 1830 693 1918 Responsio
724 1830 812 1897 beati
843 1830 1006 1917 Greporii.
1046 1830 1117 1895 “In
1143 1830 1326 1895 Galliarum
1356 1831 1518 1918 episeopis

288 1910 398 2013 uillae?
458 1935 585 2000 nullam
606 1934 820 2000 autoritatem
842 1933 1040 1999 tribuimus:
1074 1934 1153 2019 quia
1182 1932 1224 1997 ab
1255 1934 1400 2019 antiquis
1430 1956 1516 2020 prae-

456 2038 660 2103 deeessorum
697 2059 845 2103 meorum
881 2037 1086 2122 temporibus
1134 2036 1273 2121 pallium
1310 2037 1516 2103 Arelatensis

456 2141 624 2227 episeopus
655 2141 790 2227 accepit,
828 2160 925 2225 quem
964 2161 1023 2203 nos
1053 2139 1185 2226 privare
1215 2140 1411 2205 auctoritate
1441 2162 1515 2226 per-

456 2248 551 2328 cepta
580 2243 717 2306 minime
747 2243 910 2308 debemus.
965 2240 1003 2306 Si
1033 2242 1136 2328 igitur
1176 2240 1348 2327 contingat
1378 2246 1418 2307 ut
1448 2243 1514 2307 fra-

456 2345 594 2411 ternitas
622 2349 684 2408 tua
712 2344 757 2408 ad
787 2342 970 2409 Galliarum
1008 2344 1214 2430 provinciam
1252 2348 1406 2423 transeat,
1438 2366 1515 2411 cum

455 2444 569 2511 eodem
606 2446 794 2511 Arelatensi
833 2446 984 2532 episcopo
1026 2446 1125 2511 debet
1167 2467 1269 2532 agere,
1313 2447 1454 2533 qualiter
1484 2450 1514 2513 si

455 2570 521 2634 qna
550 2554 630 2614 sunt
659 2548 745 2615 vitia
774 2548 1001 2635 inepiscopis,
1026 2548 1241 2636 corrigantur.
1288 2549 1353 2630 Qui
1376 2550 1405 2614 si
1427 2550 1513 2616 forte

453 2652 490 2717 in
520 2652 701 2737 disciplinae
731 2653 844 2738 vigore
871 2651 1002 2738 tepidus
1032 2652 1164 2732 existat,
1194 2657 1263 2717 tuae
1293 2652 1513 2719 fraternitatis

452 2754 522 2821 zelo
545 2754 768 2821 accendendus
790 2759 849 2819 est.
896 2752 961 2822 Cui
985 2754 1087 2819 etiam
1117 2754 1270 2841 epistolas
1300 2754 1442 2836 fecimus,
1473 2764 1514 2823 ut

451 2879 526 2926 cum
549 2861 616 2924 tuae
643 2857 830 2924 sanctitatis
860 2856 1037 2944 prresentia
1067 2856 1103 2921 in
1134 2855 1251 2923 Galliis
1281 2862 1316 2922 et
1345 2857 1415 2945 ipse
1437 2863 1512 2924 tota

451 2967 562 3027 mente
591 2961 778 3042 subveniat,
802 2964 837 3025 et
859 2981 934 3044 quae
956 2965 1035 3025 sunt
1059 2959 1225 3026 Creatoris
1248 2961 1352 3024 nostri
1374 2961 1512 3027 iussioni

450 3064 617 3131 contraria
650 3065 693 3130 ab
732 3064 957 3150 episcoporum
995 3063 1160 3128 moribus¹
1188 3069 1379 3149 compescat.
1433 3063 1511 3150 Ipse

450 3174 564 3234 autem
587 3172 683 3233 extra
705 3167 921 3232 autoritatem
943 3164 1109 3251 propriam
1134 3165 1301 3251 episcopus
1325 3165 1509 3231 Galliarum

448 3271 592 3336 iudicare
613 3292 681 3333 non
707 3271 851 3355 poteris3
881 3269 938 3332 sed
969 3267 1145 3344 suadendo,
1177 3266 1386 3347 blandiendo,
1418 3269 1509 3334 bona

448 3371 594 3459 quoque¹
619 3393 717 3456 opera
747 3378 808 3437 tna
837 3392 949 3434 eorum
971 3369 1154 3435 imitationi
1187 3371 1411 3449 monstrando
1435 3395 1509 3458 pra·

448 3497 566 3539 vorum
581 3479 707 3537 mentes
723 3473 766 3536 ad
788 3471 976 3537 sanctitatis
999 3471 1112 3537 studia
1134 3471 1289 3536 reforma:
1314 3473 1394 3559 quia
1408 3475 1508 3560 scrip-

448 3582 520 3640 tum
536 3575 637 3639 estin
659 3574 730 3658 lege
742 3573 764 3638 :2
789 3573 870 3638 ‘Per
885 3574 1027 3640 alienam
1050 3595 1188 3639 messem
1203 3576 1375 3652 transiens
1392 3575 1507 3642 falcem

448 3679 581 3743 mittere
604 3698 673 3742 non
696 3675 803 3753 debet,
827 3677 885 3741 sed
907 3699 1008 3742 manu
1040 3677 1146 3762 spicas
1169 3681 1336 3742 conterere
1360 3682 1394 3743 et
1416 3699 1510 3743 man-

450 3779 589 3846 ducare’
637 3779 768 3844 Faleem
799 3801 876 3866 ergo
908 3779 1023 3844 iudicii
1045 3779 1177 3844 mittere
1201 3801 1269 3842 non
1291 3784 1385 3865 potes
1407 3780 1444 3844 in
1467 3803 1507 3846 ea

446 3889 564 3972 segete,
596 3905 669 3969 quae
691 3883 787 3948 alteri
808 3881 944 3948 videtur
966 3882 1156 3961 commissa3
1179 3882 1237 3946 sed
1263 3903 1322 3969 per
1351 3881 1505 3947 affectum

445 3988 525 4053 boni
547 3987 654 4072 operis
675 3985 843 4051 frumenta
865 3981 1041 4050 Dominioa
1067 3983 1224 4048 vitiorum
1247 4005 1380 4050 suorum
1402 3984 1506 4070 paleis

445 4091 584 4175 expolio,
608 4092 643 4155 et
672 4088 707 4152 in
748 4085 891 4154 ecclesiae
928 4083 1066 4172 corpns³
1103 4087 1267 4152 monendo
1305 4091 1339 4150 et
1370 4107 1505 4172 persua-

445 4190 551 4255 dendo
581 4189 675 4274 quasi
704 4189 889 4254 mandendo
929 4189 1099 4253 conuerte.¹
1149 4187 1313 4273 Quicquid
1350 4208 1429 4252 vero
1459 4211 1504 4254 ex

445 4291 632 4355 autoritate
656 4291 822 4376 agendum
845 4295 904 4369 est,
923 4311 996 4355 cum
1020 4290 1179 4375 praedicto
1206 4289 1395 4354 Arelatensi
1418 4291 1504 4375 epis·

445 4415 525 4479 copo
546 4398 675 4480 agatur,
699 4415 740 4458 ne
762 4392 976 4478 praetermitti
1007 4392 1111 4480 possit
1141 4391 1209 4470 hoc,
1243 4391 1333 4476 quod
1362 4392 1502 4478 antiqua

477 4755 484 4784 ¹
502 4752 606 4818 quoque]
625 4767 743 4818 quosque,
759 4751 816 4803 MS.
1028 4751 1038 4781 ⁸
1054 4749 1156 4816 corpur]
1170 4763 1282 4814 corpore,
1295 4751 1356 4801 Bed.

477 4834 487 4863 ²
502 4833 579 4883 Dent.
591 4831 664 4884 xxiii.
676 4837 716 4882 25.
