3542 5800
462 802 526 867 352
720 817 786 869 nro.
811 817 857 867 nu
879 817 1014 869 manue
1038 817 1125 867 seno.
1149 817 1236 867 u1sr.

291 1088 394 1149 ΜΗ
461 1097 712 1167 Communium.
760 1098 933 1180 Quomodo
959 1098 1075 1165 beatos
1098 1099 1310 1165 Edmaodos
1328 1098 1503 1186 populeum

290 1158 411 1309 {iiim
503 1200 699 1287 Aetolorum
733 1200 891 1271 liberauit
914 1224 938 1268 o
960 1202 1148 1289 tyromtide
1179 1202 1279 1271 Sroeo
1308 1201 1397 1287 reolo
1426 1203 1502 1269 Do-

289 1292 411 1407 ξιξ-ἇνδ-
503 1326 627 1371 comem.

292 1424 330 1475 Cf.
344 1424 408 1489 Rog.

291 1490 381 1608 {3³53-
395 1492 445 1541 ²¹¹⁶
504 1510 632 1577 rorem
659 1510 868 1576 asseruero
890 1510 983 1598 regni
1005 1510 1198 1597 anglorum,
1214 1510 1256 1575 oe
1278 1532 1343 1596 quo
1366 1510 1501 1577 inferius

291 1624 395 1675 Weam.
458 1634 517 1679 suo
544 1613 613 1679 loeo
640 1614 736 1700 plura
766 1614 919 1693 disemus,
950 1612 1173 1679 monarchiam
1202 1612 1349 1678 modeste
1381 1615 1502 1701 guber·

291 1691 359 1823 ἐξ
375 1697 445 1824 22⁰⁴·
458 1721 567 1795 nante,
590 1717 768 1803 periculosa
782 1716 890 1803 pestis,
907 1739 981 1803 quae
1000 1716 1128 1782 dudum
1145 1716 1296 1783 extincta
1311 1717 1499 1803 putabatur,

290 1790 397 1891 delivit·
457 1820 608 1887 rediviva
630 1820 737 1886 denuo
766 1818 930 1907 pullulare
956 1820 1112 1885 adoritur.
1156 1818 1247 1885 Nam
1269 1840 1352 1906 quos
1377 1820 1502 1907 Anglia

288 1908 408 2025 ffnguffio
458 1922 551 1989 velut
580 1922 717 1989 mortale
747 1923 838 1989 virus
868 1922 1064 2010 iampridem
1090 1927 1289 2003 evomuerat,
1313 1943 1426 1989 rursus
1456 1924 1502 1989 ad

289 1990 408 2159 gigas?
459 2027 595 2093 eandem
629 2031 797 2113 tamquam
830 2025 874 2093 ad
904 2024 1104 2091 hereditaria
1137 2024 1211 2091 iura
1240 2024 1324 2090 Daoi
1357 2026 1501 2093 reditum

346 2126 368 2159 u
392 2125 417 2158 u.
526 2130 533 2144 ·
1044 2130 1051 2143 ·
1181 2129 1187 2142 ·
1414 2131 1421 2146 ·

288 2198 409 2319 333
457 2128 1344 2319 tlt‘tttlllttttttttttttlt
1367 2130 1502 2318 {titt

456 2340 561 2421 aptus,
600 2334 657 2400 sed
694 2334 847 2420 superbia
872 2334 1021 2400 tumidus
1058 2334 1314 2421 dominandique
1351 2336 1499 2422 cupidus.

456 2437 524 2503 Hie
549 2437 682 2523 Angliae
712 2437 901 2503 libertatem
926 2437 1038 2503 Daoiae
1064 2436 1240 2523 reputabat
1261 2438 1500 2524 captivitatem.

457 2538 514 2605 Ad
547 2540 645 2605 huius
675 2540 776 2626 igitur
807 2540 952 2605 edietum
981 2540 1111 2628 eopiosa
1140 2539 1251 2605 elassis
1284 2540 1499 2621 instauratur,

456 2648 584 2709 armata
599 2642 777 2709 multitudo
792 2643 1005 2709 contrahitur.
1052 2642 1169 2729 Sioque
1184 2643 1347 2710 sulcmtes
1367 2666 1503 2731 aequora

456 2748 560 2834 proris
574 2767 727 2833 prospero
742 2768 840 2812 eursu
855 2746 944 2834 apud
959 2745 1146 2811 Genesburo
1160 2753 1293 2833 portum
1307 2748 1500 2814 sortiuntur.

458 2850 604 2931 Quorum
637 2850 785 2918 adventu
814 2849 945 2936 cognito
979 2848 1189 2916 AEthelredus
1218 2871 1294 2917 oum
1322 2851 1434 2938 pausis
1463 2852 1502 2919 in

457 2954 697 3020 Normauniam
735 2953 913 3019 salvandus
950 2951 1185 3018 transvehitur.
1250 2951 1354 3021 Cuius
1389 2955 1502 3023 hostes

456 3063 605 3128 absentia
619 3061 808 3128 fidentiores
831 3059 941 3126 effecti
963 3061 1117 3126 miseram
1138 3059 1268 3148 plebem
1289 3062 1411 3148 absque
1432 3063 1501 3130 ullo

456 3165 676 3230 miserationis
691 3169 840 3252 respectu
863 3163 995 3228 nemine
1009 3185 1140 3250 prorsus
1162 3163 1336 3231 resistente
1358 3171 1501 3252 proster-

455 3273 546 3333 nunt.
606 3267 753 3353 Cumque
790 3267 895 3354 igitur
932 3265 1137 3332 truculentus
1172 3288 1232 3332 rex
1268 3267 1328 3332 vix
1364 3271 1500 3336 tandem

455 3371 557 3436 animi
583 3371 786 3436 ferocitatem
823 3370 1014 3455 mitigasset,
1038 3368 1202 3436 instinctu
1234 3369 1396 3438 diaholioo
1426 3395 1502 3460 pro-

455 3473 585 3560 vulgari
600 3473 737 3540 mandat
753 3473 927 3549 decretum,
942 3476 983 3536 ut
997 3493 1040 3536 ex
1055 3472 1210 3538 universa
1229 3473 1353 3540 seilicet
1368 3475 1501 3561 reglone

455 3576 605 3662 generale
632 3575 695 3640 sihi
718 3575 924 3661 persolvatur
948 3574 1133 3640 tributum:
1157 3575 1392 3663 divulgatoque
1412 3581 1501 3666 regis

455 3678 592 3765 imperio
614 3678 769 3765 lugubres
791 3677 935 3742 insulani
957 3677 1148 3764 impositum
1169 3679 1285 3766 iugum
1310 3679 1500 3748 nullatenus

456 3781 599 3848 refellere
635 3786 767 3868 queunt.
828 3780 947 3846 Parere
981 3781 1099 3844 durum
1129 3785 1188 3862 est,
1217 3781 1318 3847 reniti
1351 3804 1419 3848 non
1449 3791 1501 3850 est

455 3889 573 3950 tutum.
621 3883 775 3949 Induoias
797 3887 937 3970 petunt;
958 3904 1056 3948 nemo
1070 3883 1216 3949 exaudit.
1263 3883 1328 3950 Sed
1350 3907 1422 3950 oum
1439 3909 1500 3954 nee

456 3994 569 4052 saneta
592 3986 724 4074 quidem
747 3985 817 4052 looa
841 3985 914 4050 fieri
935 3992 1069 4072 possent
1091 3987 1249 4066 inmunia,
1266 3987 1406 4075 eontigit
1426 4011 1500 4056 oen-

456 4113 543 4155 sores
580 4114 601 4156 a
638 4090 743 4156 sancti
781 4087 949 4154 Edmundi
993 4089 1295 4156 oontubernialibus
1332 4091 1500 4159 instanter

457 4215 629 4280 exposcere
662 4193 747 4280 regis
779 4191 961 4278 vectigalia
1008 4191 1059 4256 At
1089 4191 1139 4256 illi
1169 4193 1276 4279 legem
1312 4194 1497 4261 inauditam

457 4293 641 4377 exhorrent,
657 4295 865 4361 insolentiam
888 4294 1024 4379 tyranni
1038 4293 1150 4380 potius
1164 4316 1264 4380 quam
1285 4296 1372 4383 regis
1393 4297 1497 4364 admi·

456 4401 582 4478 rantur,
609 4404 643 4464 et
669 4402 824 4484 oonoepta
846 4395 979 4462 fiducia¹
1003 4395 1172 4462 tributarii
1202 4397 1289 4486 regis
1314 4400 1498 4486 pervasoris

454 4601 713 4614 ‚—.....-...-

504 4715 508 4744 ¹
513 4712 624 4780 fiducia]
636 4711 737 4776 iudicis,
747 4712 802 4764 MS.
815 4733 821 4774 ς
840 4713 931 4765 fiducia
941 4713 1184 4779 properuliarieires
1190 4716 1444 4781 martyrmueultuffl.
