3542 5800
479 930 527 979 or
549 928 666 977 ousrrs
688 927 811 978 rmum
832 927 1017 978 sucu—11.
1036 915 1085 978 62.
1237 913 1302 983 257

257 1099 306 1166 illi
345 1101 535 1168 restituerit
590 1101 642 1167 De
680 1099 779 1166 huius
820 1100 914 1187 regni
958 1097 1092 1165 exordio
1131 1093 1300 1160 Alowinus

257 1202 307 1268 its
334 1209 503 1271 memorat
566 1203 797 1270 “Benedictus
819 1201 920 1284 Deus,
943 1201 1000 1289 qui
1029 1198 1107 1266 iecit
1137 1195 1301 1262 mirabilis
1313 1217 1431 1270 rm„

257 1305 354 1374 solus.
414 1307 532 1396 Nuper
553 1306 772 1374 Etheldredus
800 1305 889 1370 filius
916 1300 1131 1370 AEthelwoldi
1161 1300 1203 1366 do
1231 1323 1301 1366 our
1312 1284 1438 1366 homst

257 1429 328 1474 esre
348 1411 538 1531 prooessit'
527 1433 565 1476 m
586 1410 714 1491 solium,
737 1413 773 1476 et
802 1407 996 1475 demiseris
1017 1407 1053 1472 in
1075 1351 1404 1483 maiestatsmstiii'nn
1398 1351 1470 1484 istie

258 1512 350 1578 ouius
386 1514 481 1642 rpgni
518 1514 669 1580 novitate
711 1512 841 1578 detemi
883 1532 996 1602 summ
1037 1531 1080 1576 ne
1116 1485 1400 1627 veniremusffi'

259 1614 302 1680 sd
323 1615 412 1682 vos’'
456 1617 509 1683 De
546 1638 624 1682 neoe
663 1616 715 1682 its
742 1615 786 1680 sd
816 1595 928 1682 offeni
957 1634 1066 1702 regem
1097 1611 1301 1678 Marciorum.

260 1716 392 1784 “Sciat
413 1719 599 1786 veneranda
621 1717 752 1785 dileetio
774 1723 885 1784 vestro
909 1715 997 1802 quod
1024 1715 1175 1781 dominus
1197 1715 1303 1780 Koro-

258 1819 310 1886 lus
338 1821 524 1888 amabiliter
545 1827 580 1887 et
608 1820 750 1887 fideliter
771 1841 856 1908 saepe
884 1840 1012 1886 mecum
1033 1817 1161 1884 loeutus
1183 1823 1234 1884 est
1264 1818 1304 1884 de

260 1920 362 2003 vobis,
392 1929 427 1990 et
461 1925 498 1989 in
526 1945 566 1992 eo
606 1921 735 1990 habetis
773 1921 997 1991 fidelissimum
1029 1920 1177 1986 amioum
1224 1919 1303 1985 Ideo

260 2032 295 2091 et
328 2032 448 2093 vestrae
481 2026 649 2094 dilectioni
693 2025 795 2114 digna
839 2025 954 2112 dirigit
998 2045 1142 2102 munero,
1174 2027 1208 2089 et
1246 2045 1304 2110 per

260 2129 455 2217 episcopales
483 2129 575 2196 sedes
606 2128 699 2218 regni
721 2128 831 2195 vestri
876 2125 1038 2194 Similiter
1066 2132 1100 2193 et
1128 2126 1304 2192 Ethelredo

260 2232 330 2319 regi
366 2237 402 2298 et
455 2232 499 2298 od
539 2253 614 2298 sues
652 2231 873 2319 episeoporum
915 2230 1006 2296 sedes
1045 2230 1132 2296 dono
1172 2229 1302 2294 direxit.

261 2333 328 2400 Sed
348 2335 434 2402 heu!
457 2333 534 2423 pro‘
556 2331 669 2401 dolor!
693 2335 786 2400 donis
809 2333 895 2399 dotis
917 2340 952 2401 et
967 2333 1111 2421 epistolis
1134 2334 1170 2398 in
1190 2353 1305 2398 munus

261 2438 458 2517 emissorum,
489 2437 680 2526 supervenit
713 2437 820 2503 tristis
856 2436 978 2524 legatio
1008 2459 1066 2523 per
1093 2436 1215 2516 missos,
1248 2437 1302 2522 qui

262 2540 303 2606 de
329 2541 442 2608 Sootiu
478 2563 537 2629 per
560 2561 620 2606 nos
641 2539 764 2606 reversi
790 2545 876 2619 sunt,
901 2540 942 2606 ds
972 2539 1167 2606 infidelitate
1198 2541 1306 2626 gentis

261 2649 295 2709 et
317 2666 395 2711 nece
423 2645 516 2733 regis
562 2644 619 2709 lto
641 2642 783 2709 Kerolus
805 2649 948 2710 retractu
971 2643 1129 2709 donorum
1151 2643 1306 2731 largitate

261 2745 298 2811 in
329 2751 462 2812 tuntum
495 2746 600 2812 iratus
634 2751 685 2811 est
721 2751 837 2812 eontra
873 2749 1006 2832 gentem
1036 2746 1137 2825 illum,
1176 2753 1214 2813 ut
1248 2747 1306 2825 ait,

262 2848 418 2936 perfidum
440 2855 476 2916 et
507 2869 694 2938 perversum
716 2851 751 2914 et
772 2847 970 2914 homicidam
994 2847 1200 2915 dominorum
1234 2872 1307 2916 suo-

260 2974 343 3031 rum,
373 2952 516 3041 peiorem
549 2974 622 3019 eom
652 2950 789 3040 paganis
811 2952 986 3030 aestimons,
1016 2956 1056 3017 ut
1081 2952 1143 3017 nisi
1167 2973 1226 3040 ego
1257 2954 1306 3017 in-

261 3059 416 3120 tercessor
445 3076 547 3121 essem
584 3075 643 3142 pro
669 3075 716 3133 eo,
751 3052 907 3140 quioquid
936 3052 983 3118 eis
1012 3053 1090 3119 honi
1120 3054 1306 3121 abstrahere

262 3158 421 3243 potuisset
443 3163 478 3223 et
502 3154 631 3243 [mali]⁸
653 3155 842 3233 moohinmi
865 3154 934 3219 iem
955 3154 1090 3221 fecisset.
1093 3154 1110 3182 ’'

305 3259 384 3326 Post
415 3258 628 3325 Ethelredum
650 3258 761 3323 nullus
781 3258 825 3323 sd
846 3278 985 3345 regnum
1008 3258 1177 3325 escendere
1199 3281 1303 3339 susus,
1318 3292 1389 3345 wip

261 3362 339 3428 dum
362 3362 499 3449 quisque
536 3361 737 3448 superiorum
767 3360 831 3426 sihi
861 3382 971 3427 cesum
1002 3361 1140 3440 timeret,
1172 3368 1207 3429 et
1237 3358 1466 3430 οιιοΜῦῑΠΜ3

261 3466 398 3553 inglorio
444 3469 540 3529 tutus
584 3464 745 3542 victitare,
795 3486 896 3550 quum
944 3464 1080 3551 ancipiti
1121 3414 1400 3534 (liseriminep¹6
1354 3432 1409 3480 ¹⁶⁰

261 3567 419 3654 pendulus
441 3588 576 3654 regnare
606 3566 741 3632 mullet:
779 3566 950 3653 plerosque
979 3588 1093 3655 regum
1124 3567 1306 3636 Northum-

261 3667 393 3754 brorum
437 3668 593 3735 fmnilimi
652 3691 745 3757 paene
790 3669 893 3735 exitio
930 3670 1035 3735 vitum
1081 3672 1192 3739 exisse.
1254 3674 1309 3739 Ito
1320 3683 1445 3750 Anamhy

262 3778 406 3838 oessemte
447 3778 573 3839 rectore
621 3793 679 3857 por
719 3771 859 3860 triginta
904 3776 972 3838 tres
1008 3795 1110 3840 annos
1142 3752 1433 3883 provincios‘ssmffm

261 3873 318 3939 ills
355 3874 438 3940 risui
467 3880 502 3941 et
546 3876 665 3963 praedae
703 3874 856 3940 finitimis
893 3874 966 3941 fuit.
1028 3875 1198 3963 Siquidem
1235 3900 1363 3943 cumo
1321 3884 1363 3935 No
1362 3884 1418 3933 rui-

261 3976 350 4045 Doni
387 3978 460 4045 loos
496 3984 683 4045 sanctorum
721 3977 871 4095 populati
905 3976 1052 4057 fuissent,
1091 3978 1223 4045 domum
1260 4003 1309 4047 re·
1321 3948 1426 4080 „¹¹3⁴

260 4082 362 4168 gressi
406 4080 523 4148 oeteris
559 4081 675 4148 insulae
713 4081 840 4167 oopium
883 4078 1173 4169 habitatorumque
1218 4084 1310 4201 igm‘

262 4186 351 4249 vium
387 4184 605 4265 nuntiarunt3
657 4182 790 4249 barbari
835 4182 957 4271 ruptim
995 4183 1183 4270 copioseque
1224 4186 1312 4251 insu·

261 4285 328 4351 lum
355 4292 509 4374 petentes
541 4286 614 4352 illos
647 4287 811 4372 usquein
841 4285 878 4351 id
914 4289 1043 4373 tempus
1073 4292 1182 4374 pestes
1221 4310 1311 4356 oocu-

153 4425 155 4428 ·
262 4393 434 4475 paverunt
495 4388 583 4454 Nom
626 4394 661 4455 et
697 4410 807 4477 regem
845 4387 959 4454 multis
996 4388 1091 4457 omnis
1127 4390 1313 4459 habuenmt

296 4752 481 4821 'minum
500 4752 736 4820 mmmmm
849 4753 952 4824 'maliJ
987 4770 1036 4809 orn.
1066 4757 1122 4812 MS.
1173 4760 1220 4813 See
1247 4760 1320 4813 will.

294 4834 379 4903 ψη]
397 4832 552 4901 proehhss.
815 4834 905 4887 Mnlm.

1163 4938 1187 4989 R
