3542 5800
463 861 528 927 ³50
722 870 789 925 mc
814 873 861 925 nn
883 870 1018 923 omaro.
1042 871 1131 923 erac.
1155 871 1242 923 mer.

460 1086 481 1129 a
508 1063 666 1151 pluribus,
694 1062 838 1129 maxime
867 1068 981 1128 tamen
1007 1083 1028 1126 a
1051 1060 1118 1127 suis
1143 1059 1305 1140 fidelibus,
1332 1059 1510 1148 praevaluit

460 1166 530 1232 eius
575 1168 756 1255 imperium,
796 1167 951 1253 quoniam
996 1169 1131 1253 propter
1175 1165 1397 1252 arrogantiam
1441 1186 1510 1231 sum

459 1270 647 1337 nobilitatis
670 1270 822 1336 omnibus
842 1274 915 1335 erat
936 1270 1061 1335 terrori.
1108 1268 1265 1335 Reserate
1288 1289 1363 1356 orgo
1384 1267 1507 1346 locello,

460 1374 578 1455 astitit,
625 1375 760 1461 aspexit,
800 1379 834 1439 et
879 1372 994 1439 eodem
1039 1377 1205 1439 momento
1250 1372 1288 1437 in
1331 1372 1509 1438 amentiam

459 1498 589 1543 versum
627 1478 767 1543 tradidit
805 1476 899 1543 illum
937 1476 1047 1542 Deus¹
1083 1476 1120 1541 in
1157 1476 1330 1563 reprobum
1368 1496 1507 1553 sensum,

459 1602 497 1645 ac
526 1602 625 1667 poena
655 1604 716 1647 sua
746 1580 870 1662 didicit,
911 1580 990 1667 quia
1026 1581 1286 1671 praesumpsisset
1315 1578 1404 1665 quod
1440 1600 1509 1643 non

459 1684 560 1749 limrit.
606 1685 702 1766 erod
740 1684 878 1751 audiens
915 1688 1011 1771 pater
1048 1684 1126 1761 eius,
1160 1683 1213 1749 vir
1250 1682 1421 1768 religiosus
1451 1682 1509 1747 ad·

458 1787 593 1853 modum
615 1788 669 1854 cui
691 1794 762 1854 erut
784 1788 941 1873 Alfgarus
963 1786 1168 1865 vocabulum,
1186 1785 1359 1851 exhorruit
1381 1785 1509 1851 bainus

458 1890 759 1978 flagitiosissimum,
790 1912 828 1955 ac
858 1891 998 1975 martyri
1027 1890 1152 1976 gratias
1183 1888 1307 1968 retulit,
1338 1888 1509 1975 filiumque

458 2016 478 2059 a
503 2015 537 2059 se
559 1993 709 2059 removit.
757 1993 822 2074 Qui
848 1994 982 2058 tandem
1009 1993 1052 2058 ad
1076 2014 1237 2059 summam
1262 1992 1407 2079 inopiam
1437 2014 1509 2079 per·

342 2112 346 2119 ’
459 2096 587 2176 ductus,
633 2096 754 2163 iudicio
802 2096 864 2162 Dei
913 2096 1021 2161 vitam
1066 2095 1181 2161 finivit
1217 2094 1385 2162 vermibus
1433 2116 1509 2161 con·

458 2204 616 2289 sumptus.
658 2200 712 2267 Sic
733 2206 864 2267 sanctus
884 2223 946 2266 rex
968 2200 1161 2266 Edmundus
1185 2200 1337 2266 omnibus
1359 2199 1508 2267 innotuit

290 2359 338 2411 MS
358 2359 383 2411 A
459 2325 527 2369 non
550 2326 583 2369 se
604 2324 673 2371 esse
696 2304 884 2371 inferiorem
906 2304 1033 2370 meritis
1054 2303 1243 2381 Laurentii,
1265 2304 1357 2369 beati
1380 2304 1509 2370 Levitae

290 2396 412 2479 rollrb.
460 2411 494 2471 et
531 2406 695 2493 martyris,
745 2408 836 2473 cuius
884 2428 1008 2495 corpus,
1047 2412 1086 2473 ut
1123 2407 1225 2473 refert
1262 2406 1378 2473 beatus
1415 2412 1510 2497 pater

289 2494 444 2611 ffilliss·
460 2509 647 2597 Gregorius,
673 2532 747 2576 cum
771 2510 915 2596 quidam,
942 2533 1000 2577 seu
1024 2509 1125 2597 digni,
1154 2532 1212 2576 seu
1236 2510 1376 2599 indigni,
1399 2511 1509 2577 levam

290 2627 358 2692 epist.
372 2600 410 2679 io.
458 2613 607 2681 volentes
630 2614 862 2701 conspicerent,
884 2614 1024 2701 contigit
1046 2619 1086 2679 ut
1107 2618 1231 2701 septem
1254 2635 1297 2680 ex
1316 2614 1363 2680 eis
1382 2613 1507 2680 ibidem

458 2718 569 2783 subita
596 2724 701 2783 morte
726 2716 878 2805 perirent.
935 2716 964 2782 Ο
990 2721 1116 2804 quanta
1135 2717 1320 2783 reverentia
1339 2718 1427 2784 locus
1450 2717 1507 2783 ille

458 2820 577 2909 dignus
615 2820 740 2904 existit,
779 2821 835 2907 qui
880 2820 941 2886 sub
988 2820 1093 2908 specie
1142 2820 1334 2887 dormientis
1371 2826 1505 2887 tantum

457 2925 582 2991 Christi
604 2929 724 2992 testem
747 2923 904 3005 continet,
926 2924 1018 2989 etin
1040 2944 1104 3010 quo
1127 2929 1232 2991 tantae
1256 2926 1398 2991 virtutes
1420 2927 1507 2991 fiunt

457 3035 491 3095 et
520 3029 616 3096 factae
647 3051 715 3096 esse
744 3027 944 3106 referuntur,
976 3032 1011 3092 et
1042 3031 1183 3114 quantae
1209 3028 1270 3094 hac
1306 3033 1506 3117 tempestate

456 3131 546 3218 apud
580 3131 708 3219 Anglos
745 3151 909 3216 nusquam
958 3129 1039 3195 alibi
1088 3129 1284 3212 audivimus,
1321 3153 1402 3218 quaa
1445 3154 1506 3219 ego

456 3237 631 3304 brevitatis
653 3237 763 3303 studio
786 3240 952 3323 praetereo,
976 3259 1019 3302 ne
1048 3235 1186 3302 alicuius
1215 3237 1377 3304 fastidiosi
1404 3239 1506 3305 offen-

456 3363 526 3406 sam
563 3341 763 3406 incurrerem
804 3340 892 3405 iusto
936 3339 1103 3426 prolixior,
1142 3341 1275 3406 credens
1311 3342 1377 3407 ieta
1414 3365 1507 3430 posse

456 3443 601 3508 sufficere
631 3465 704 3528 quae
732 3442 820 3508 dicta
850 3447 930 3508 sunt
956 3441 1086 3508 ardenti
1113 3441 1275 3508 desiderio
1301 3465 1421 3525 eorum,
1447 3449 1506 3531 qui

456 3551 576 3634 praeter
606 3546 712 3611 Deum
735 3547 833 3611 huius
859 3547 1018 3631 martyris
1040 3546 1222 3633 patrocinio
1245 3539 1293 3612 nil
1316 3547 1505 3635 praefenmt

458 3649 508 3714 De
535 3669 599 3736 quo
622 3653 760 3730 constat,
784 3649 869 3714 siout
892 3655 927 3713 et
949 3649 990 3713 de
1019 3647 1092 3714 aliia
1116 3650 1238 3715 sanctis
1261 3650 1413 3716 omnibus
1436 3653 1506 3717 iam

457 3774 531 3818 cum
558 3751 689 3820 Christo
717 3751 941 3838 regnantibus
974 3751 1062 3836 quod
1092 3749 1168 3816 licet
1210 3753 1279 3817 eius
1318 3754 1430 3819 anima
1459 3755 1505 3822 sit

456 3857 493 3920 in
531 3855 655 3921 coelesti
692 3853 805 3942 gloria,
849 3876 917 3918 non
960 3858 1073 3919 tamen
1106 3875 1164 3940 per
1197 3855 1421 3923 visitationem
1451 3859 1505 3926 die

457 3964 620 4046 noctuque
657 3957 753 4044 longe
791 3961 840 4022 est
878 3979 899 4021 a
936 3957 1078 4043 corporis
1114 3959 1290 4043 prasentia
1327 3981 1401 4025 cum
1438 3984 1505 4048 qua

457 4062 637 4150 promeruit
667 4082 713 4139 ea,
752 4059 872 4146 quibus
910 4059 974 4125 iam
1012 4057 1201 4146 perimitur,
1222 4060 1345 4129 beatae
1382 4063 1505 4130 inmor-

457 4165 599 4232 talitatis
635 4163 765 4251 gaudla.
826 4161 913 4228 Nam
952 4161 1032 4227 dum
1069 4162 1106 4227 in
1143 4168 1267 4230 aetema
1305 4167 1414 4252 patria
1472 4169 1504 4233 ei

457 4269 607 4355 iungitur
648 4267 705 4354 qui
746 4265 868 4352 ubique
904 4269 994 4330 totus
1032 4270 1090 4346 est,
1121 4265 1161 4330 de
1199 4288 1237 4333 eo
1274 4267 1375 4335 habet
1411 4293 1505 4357 posse

457 4371 612 4456 quicquid
649 4370 803 4435 habuerit
841 4374 875 4434 et
912 4368 1003 4446 velle,
1042 4374 1162 4456 praeter
1199 4369 1236 4435 id
1273 4371 1378 4438 solum
1415 4375 1504 4458 quod

458 4471 656 4560 infatigabili
681 4471 841 4538 desiderio
856 4472 1065 4559 concupiscit,
1081 4477 1120 4538 ut
1143 4495 1202 4561 per
1226 4475 1501 4554 resurrectionem,

459 4679 741 4687 *m
1045 4679 1496 4693 -—-.—.-...-‚...-...—...-—

757 4791 762 4818 ¹
777 4788 861 4854 Deus]
874 4789 965 4850 Deum,
976 4789 1045 4851 MS.;
1062 4791 1125 4850 Due,
1136 4793 1169 4842 A.
