3542 5800
478 868 543 938 372
736 881 803 935 nro.
826 884 872 933 nn
894 884 1029 934 cincre.
1051 884 1140 933 susc.
1164 883 1250 935 msr.

476 1068 630 1137 fluctibus
658 1070 832 1159 agentibus
861 1072 905 1137 ud
933 1072 1098 1159 quendam
1131 1070 1237 1137 sabuli
1267 1090 1420 1137 acervum
1445 1088 1520 1155 pro·

476 1172 618 1259 pellitur,
644 1174 703 1240 nbi
725 1162 869 1240 ¹tabulati
892 1172 1045 1240 iunctura
1066 1174 1173 1241 omnis
1198 1172 1403 1261 disploditur,
1431 1190 1518 1236 osser

475 1274 517 1339 sb
541 1296 647 1341 assere
672 1274 873 1343 discissitur.¹
921 1276 1095 1343 Confi-octo
1116 1276 1329 1363 itaquensve
1349 1274 1518 1362 perierunt

475 1377 596 1465 singuli
631 1378 688 1466 qui
725 1380 761 1444 in
798 1400 836 1446 en
872 1384 967 1445 orani
1002 1384 1123 1467 praeter
1153 1386 1231 1459 tres,
1262 1400 1343 1466 quos
1379 1376 1517 1445 saeviens

475 1481 614 1567 aequoris
656 1482 745 1547 unda
789 1504 824 1549 se
866 1482 1064 1549 retrahendo
1105 1483 1201 1549 vivos
1248 1480 1392 1569 reliquii.
1459 1475 1518 1542 Illi

474 1588 585 1649 cutem
614 1584 765 1651 sedentes
794 1606 892 1673 super
913 1585 1064 1651 sabulum
1093 1585 1250 1651 diruunt
1278 1584 1321 1649 od
1352 1581 1516 1649 invicem:

476 1690 493 1721 “
504 1684 645 1767 Fratres,
671 1686 764 1753 deest
792 1688 887 1753 nobis
912 1688 1071 1767 sacerdos,
1096 1686 1154 1773 qui
1178 1687 1275 1752 nobis
1297 1686 1334 1750 in
1357 1685 1421 1750 hoc
1441 1705 1519 1749 con·

474 1786 554 1853 finio
584 1788 699 1853 mortis
729 1789 844 1877 positis
873 1790 1032 1868 consului,
1062 1790 1121 1874 qui
1150 1789 1192 1855 de
1220 1790 1361 1876 peccetis
1394 1785 1517 1851 nostris

474 1890 704 1975 paenilenlism
749 1891 912 1980 iniungat,
959 1897 996 1958 et
1040 1892 1156 1958 iccirco
1193 1890 1393 1957 confiteatur
1432 1889 1518 1953 alter

473 1992 570 2057 alleri
599 1999 731 2082 peccata
760 2016 828 2072 sua,
867 1994 948 2060 dum
983 1994 1090 2061 adhuc
1123 1993 1235 2059 animo
1263 1998 1314 2059 esl
1342 1994 1380 2058 in
1409 1990 1515 2057 nobis.

474 2094 663 2163 Inundsnle
685 2096 773 2165 enim
801 2098 885 2163 mori
914 2097 1119 2177 sententium,
1144 2118 1244 2183 quom
1267 2094 1409 2184 perpessi
1438 2101 1518 2161 sunl

472 2197 550 2264 socii
597 2200 712 2282 noslri,
752 2199 846 2265 nulla
890 2204 994 2266 restat
1030 2200 1088 2264 vis
1131 2221 1190 2287 per
1232 2220 1333 2286 quam
1377 2198 1517 2278 evadere

472 2300 662 2385 possimus”
721 2300 786 2367 His
816 2301 922 2383 dictis,
951 2322 1027 2369 cum
1063 2301 1146 2367 fletu
1175 2308 1211 2367 el
1238 2302 1375 2389 plonc'on
1403 2300 1517 2365 valido

472 2402 711 2469 confessisunt
739 2403 937 2471 alterutrum
982 2409 1115 2491 peccalo
1144 2426 1212 2469 niu
1271 2402 1404 2470 Deinde
1428 2425 1516 2468 unus

472 2524 514 2568 ex
551 2504 597 2569 cis
634 2505 704 2571 aii:
749 2512 768 2542 “
778 2505 923 2585 Fratres,
959 2505 1044 2571 nihil
1081 2505 1153 2572 Deo
1190 2504 1330 2586 difficile,
1367 2526 1428 2571 nec
1464 2511 1515 2571 eol

471 2627 626 2673 numerus
651 2604 810 2675 bonilatis
832 2608 945 2695 ipsius,
969 2613 1006 2674 et
1025 2608 1140 2674 iccirco
1161 2609 1363 2675 confidenter
1381 2613 1515 2693 agentes

471 2709 659 2775 invocemus
682 2730 757 2775 eum
779 2710 899 2797 spiritu
918 2710 1037 2775 humili
1059 2716 1094 2776 cl
1115 2710 1211 2777 corde
1232 2712 1375 2777 contrito
1396 2711 1515 2797 glorio·

470 2834 607 2901 sumque
630 2818 809 2900 murlyrem
835 2813 904 2879 cius
928 2812 1150 2893 Edmundum,
1177 2821 1216 2879 ut
1236 2836 1295 2902 per
1318 2814 1513 2900 martyrium

471 2917 559 3002 quod
580 2939 640 3004 pro
663 2916 727 2982 Dei
749 2939 857 2983 amore
877 2917 1046 2994 stistinuil,
1067 2917 1111 2982 ob
1132 2917 1193 2982 hoc
1213 2917 1354 2983 instanti
1374 2918 1516 3004 periodo

471 3040 530 3084 nos
560 3024 661 3084 erunt.
721 3017 758 3086 Si
795 3020 883 3084 enim
919 3019 1002 3084 fides
1030 3019 1164 3085 offuerit
1191 3020 1364 3100 veraciter,
1393 3020 1512 3099 sciolis,

471 3142 537 3186 non
560 3121 665 3188 deerit
684 3121 779 3187 nobis
801 3120 933 3208 gloriosi
953 3121 1110 3207 martyris
1130 3114 1298 3186 Edmundi
1320 3122 1511 3190 subsidium.

471 3221 710 3311 Experimento
744 3245 886 3309 nomque
923 3222 1116 3288 multociens
1142 3222 1252 3304 didici,
1290 3234 1423 3310 quontae
1460 3223 1515 3292 be-

470 3326 647 3412 nignitstis
677 3327 722 3391 sit
751 3325 810 3402 his,
840 3325 899 3411 qui
926 3325 1084 3392 invocant
1109 3345 1185 3391 eum
1214 3325 1252 3390 in
1274 3327 1424 3393 venitote
1470 3329 1514 3394 In

470 3428 585 3492 mulus
623 3427 744 3516 quippe
781 3427 935 3515 periculis
972 3429 1183 3506 constitutus,
1220 3449 1297 3494 eum
1330 3429 1513 3497 invocando

469 3551 596 3616 semper
624 3529 809 3596 adiutorem
848 3529 971 3607 inveni,
1002 3531 1178 3616 nullusque
1206 3529 1243 3595 in
1272 3552 1311 3596 eo
1348 3532 1513 3599 confidem

470 3633 624 3720 deceptus
648 3637 707 3712 est,
734 3654 794 3698 nec
820 3633 857 3697 in
882 3637 972 3700 tenu
992 3633 1111 3699 necin
1132 3631 1246 3699 mori'’
1290 3633 1356 3698 His
1378 3634 1512 3711 auditis,

468 3736 692 3823 qualecunque
736 3757 778 3801 ex
822 3736 893 3801 cius
936 3735 1045 3802 verbis
1087 3740 1304 3822 conceperunt
1348 3737 1511 3818 solacium,

469 3839 633 3906 modicum
671 3843 808 3906 lemen:
863 3843 1146 3925 praeoccupaverat
1181 3838 1270 3904 enim
1310 3843 1418 3904 lotum
1457 3863 1514 3907 cor

468 3941 599 4008 illorum
637 3940 737 4008 timor
773 3941 900 4006 mortis.
954 3939 1056 4006 Unde
1100 3947 1134 4007 et
1177 3940 1296 4006 siunt:
1356 3941 1513 4008 “Scimus

468 4045 610 4132 quidem,
642 4045 720 4131 quio
749 4043 873 4110 amicus
903 4044 969 4110 Dei
997 4048 1048 4109 esi
1077 4048 1113 4109 el
1141 4043 1253 4130 magni
1284 4045 1393 4110 meriti
1422 4047 1511 4133 apud

469 4147 578 4213 Deum
616 4147 734 4212 bosius
772 4146 975 4228 Edmundus,
1013 4151 1131 4234 polens
1177 4146 1218 4211 de
1262 4145 1324 4212 hoc
1367 4149 1511 4234 periculo

468 4251 592 4335 eripere
613 4270 682 4330 noe,
706 4250 734 4316 si
757 4249 827 4316 eius
849 4250 969 4337 picloti
990 4249 1159 4336 placuerit
1205 4249 1272 4315 Sed
1290 4249 1327 4314 in
1349 4250 1510 4337 profundo

468 4353 567 4417 maris
597 4353 771 4418 constituti
798 4353 887 4438 quod
915 4373 1020 4439 genus
1043 4351 1204 4416 evasionis
1233 4373 1361 4439 sperare
1390 4355 1510 4440 poteri-

467 4453 587 4520 musl''
634 4461 653 4491 “
666 4454 805 4536 Nolite?
827 4454 949 4541 inquit,
965 4452 1161 4533 “diffidere3
1182 4454 1241 4520 sed
1262 4459 1361 4542 proni
1384 4476 1509 4537 moneo,

470 4658 585 4668 ——-..u-

912 4778 1040 4831 ¹Siel1s
