<?xml version="1.0" encoding="UTF-8"?>
<!DOCTYPE html PUBLIC "-//W3C//DTD XHTML 1.0 Transitional//EN"
    "http://www.w3.org/TR/xhtml1/DTD/xhtml1-transitional.dtd">
<html xmlns="http://www.w3.org/1999/xhtml" xml:lang="en" lang="en">
 <head>
  <title>
</title>
<meta http-equiv="Content-Type" content="text/html;charset=utf-8" />
  <meta name='ocr-system' content='tesseract 3.04.00' />
  <meta name='ocr-capabilities' content='ocr_page ocr_carea ocr_par ocr_line ocrx_word'/>
</head>
<body>
  <div class='ocr_page' id='page_1' title='image "./speculumhistori01mayogoog_0389.png"; bbox 0 0 3542 5800; ppageno 0'>
   <div class='ocr_carea' id='block_1_1' title="bbox 471 854 1250 925">
    <p class='ocr_par' dir='ltr' id='par_1_1' title="bbox 471 854 1250 925">
     <span class='ocr_line' id='line_1_1' title="bbox 471 854 1250 925; baseline -0.004 -4"><span class='ocrx_word' id='word_1_1' title='bbox 471 854 536 925; x_wconf 75' lang='lat'>374</span> <span class='ocrx_word' id='word_1_2' title='bbox 732 869 797 919; x_wconf 86' lang='lat' dir='ltr'>a1c.</span> <span class='ocrx_word' id='word_1_3' title='bbox 822 869 869 919; x_wconf 83' lang='lat' dir='ltr'>nn</span> <span class='ocrx_word' id='word_1_4' title='bbox 892 868 1026 919; x_wconf 80' lang='lat' dir='ltr'>maura</span> <span class='ocrx_word' id='word_1_5' title='bbox 1050 868 1141 920; x_wconf 78' lang='lat' dir='ltr'>sanc</span> <span class='ocrx_word' id='word_1_6' title='bbox 1164 868 1250 919; x_wconf 84' lang='lat' dir='ltr'>msr.</span> 
     </span>
    </p>
   </div>
   <div class='ocr_carea' id='block_1_2' title="bbox 467 1051 1519 2679">
    <p class='ocr_par' dir='ltr' id='par_1_2' title="bbox 467 1051 1519 2679">
     <span class='ocr_line' id='line_1_2' title="bbox 470 1051 1519 1121; baseline -0.005 0"><span class='ocrx_word' id='word_1_7' title='bbox 470 1076 565 1121; x_wconf 87' lang='lat' dir='ltr'>voces</span> <span class='ocrx_word' id='word_1_8' title='bbox 594 1074 669 1121; x_wconf 85' lang='lat' dir='ltr'>suae</span> <span class='ocrx_word' id='word_1_9' title='bbox 692 1058 728 1120; x_wconf 89' lang='lat' dir='ltr'>et</span> <span class='ocrx_word' id='word_1_10' title='bbox 751 1074 826 1119; x_wconf 86' lang='lat' dir='ltr'>oum</span> <span class='ocrx_word' id='word_1_11' title='bbox 861 1053 1003 1119; x_wconf 87' lang='lat' dir='ltr'>clamore</span> <span class='ocrx_word' id='word_1_12' title='bbox 1023 1052 1135 1118; x_wconf 80' lang='lat' dir='ltr'>valido</span> <span class='ocrx_word' id='word_1_13' title='bbox 1158 1052 1335 1118; x_wconf 84' lang='lat' dir='ltr'>dixerunt:</span> <span class='ocrx_word' id='word_1_14' title='bbox 1381 1051 1519 1117; x_wconf 86' lang='lat' dir='ltr'>“Amici</span> 
     </span>
     <span class='ocr_line' id='line_1_3' title="bbox 470 1155 1519 1244; baseline -0.001 -22"><span class='ocrx_word' id='word_1_15' title='bbox 470 1157 547 1237; x_wconf 90' lang='lat' dir='ltr'>Dei,</span> <span class='ocrx_word' id='word_1_16' title='bbox 567 1157 624 1243; x_wconf 91' lang='lat' dir='ltr'>qui</span> <span class='ocrx_word' id='word_1_17' title='bbox 644 1157 691 1222; x_wconf 93' lang='lat' dir='ltr'>ibi</span> <span class='ocrx_word' id='word_1_18' title='bbox 714 1176 865 1244; x_wconf 87' lang='lat' dir='ltr'>prospere</span> <span class='ocrx_word' id='word_1_19' title='bbox 887 1156 1067 1242; x_wconf 87' lang='lat' dir='ltr'>navigatis,</span> <span class='ocrx_word' id='word_1_20' title='bbox 1088 1176 1170 1241; x_wconf 84' lang='lat' dir='ltr'>quos</span> <span class='ocrx_word' id='word_1_21' title='bbox 1192 1155 1284 1221; x_wconf 86' lang='lat' dir='ltr'>Deus</span> <span class='ocrx_word' id='word_1_22' title='bbox 1305 1155 1350 1221; x_wconf 84' lang='lat' dir='ltr'>ad</span> <span class='ocrx_word' id='word_1_23' title='bbox 1370 1160 1519 1221; x_wconf 81' lang='lat' dir='ltr'>nostram</span> 
     </span>
     <span class='ocr_line' id='line_1_4' title="bbox 470 1257 1516 1345; baseline -0.002 -20"><span class='ocrx_word' id='word_1_24' title='bbox 470 1258 686 1325; x_wconf 70' lang='lat' dir='ltr'><strong>salvationem</strong></span> <span class='ocrx_word' id='word_1_25' title='bbox 731 1257 796 1325; x_wconf 91' lang='lat' dir='ltr'>huo</span> <span class='ocrx_word' id='word_1_26' title='bbox 844 1259 1035 1340; x_wconf 68' lang='lat' dir='ltr'>daetiuavit,</span> <span class='ocrx_word' id='word_1_27' title='bbox 1081 1278 1141 1345; x_wconf 92' lang='lat' dir='ltr'>pro</span> <span class='ocrx_word' id='word_1_28' title='bbox 1187 1278 1297 1323; x_wconf 88' lang='lat' dir='ltr'>amore</span> <span class='ocrx_word' id='word_1_29' title='bbox 1344 1259 1415 1324; x_wconf 89' lang='lat' dir='ltr'>eius</span> <span class='ocrx_word' id='word_1_30' title='bbox 1458 1258 1516 1344; x_wconf 89' lang='lat' dir='ltr'>qui</span> 
     </span>
     <span class='ocr_line' id='line_1_5' title="bbox 469 1360 1516 1447; baseline -0.002 -20"><span class='ocrx_word' id='word_1_31' title='bbox 469 1361 619 1427; x_wconf 85' lang='lat' dir='ltr'>homines</span> <span class='ocrx_word' id='word_1_32' title='bbox 640 1360 749 1429; x_wconf 82' lang='lat' dir='ltr'>salvat</span> <span class='ocrx_word' id='word_1_33' title='bbox 778 1360 815 1426; x_wconf 92' lang='lat' dir='ltr'>in</span> <span class='ocrx_word' id='word_1_34' title='bbox 845 1366 991 1427; x_wconf 86' lang='lat' dir='ltr'>terrast</span> <span class='ocrx_word' id='word_1_35' title='bbox 1020 1361 1057 1425; x_wconf 91' lang='lat' dir='ltr'>in</span> <span class='ocrx_word' id='word_1_36' title='bbox 1080 1360 1174 1441; x_wconf 88' lang='lat' dir='ltr'>mari,</span> <span class='ocrx_word' id='word_1_37' title='bbox 1201 1382 1244 1426; x_wconf 88' lang='lat' dir='ltr'>ne</span> <span class='ocrx_word' id='word_1_38' title='bbox 1269 1380 1329 1425; x_wconf 87' lang='lat' dir='ltr'>nos</span> <span class='ocrx_word' id='word_1_39' title='bbox 1352 1366 1516 1447; x_wconf 87' lang='lat' dir='ltr'>pertrans·</span> 
     </span>
     <span class='ocr_line' id='line_1_6' title="bbox 470 1462 1516 1549; baseline -0.003 -19"><span class='ocrx_word' id='word_1_40' title='bbox 470 1464 563 1544; x_wconf 85' lang='lat' dir='ltr'>eatis,</span> <span class='ocrx_word' id='word_1_41' title='bbox 601 1465 660 1531; x_wconf 86' lang='lat' dir='ltr'>sed</span> <span class='ocrx_word' id='word_1_42' title='bbox 696 1464 897 1531; x_wconf 88' lang='lat' dir='ltr'>miseremini</span> <span class='ocrx_word' id='word_1_43' title='bbox 934 1463 1030 1529; x_wconf 87' lang='lat' dir='ltr'>nobis</span> <span class='ocrx_word' id='word_1_44' title='bbox 1066 1463 1202 1541; x_wconf 88' lang='lat' dir='ltr'>miseris,</span> <span class='ocrx_word' id='word_1_45' title='bbox 1241 1464 1301 1549; x_wconf 94' lang='lat' dir='ltr'>qui</span> <span class='ocrx_word' id='word_1_46' title='bbox 1345 1464 1382 1527; x_wconf 93' lang='lat' dir='ltr'>in</span> <span class='ocrx_word' id='word_1_47' title='bbox 1418 1462 1516 1527; x_wconf 89' lang='lat' dir='ltr'>huius</span> 
     </span>
     <span class='ocr_line' id='line_1_7' title="bbox 469 1564 1513 1655; baseline 0 -24"><span class='ocrx_word' id='word_1_48' title='bbox 469 1567 578 1654; x_wconf 80' lang='lat' dir='ltr'>pelagi</span> <span class='ocrx_word' id='word_1_49' title='bbox 600 1567 763 1655; x_wconf 83' lang='lat' dir='ltr'>profirndo</span> <span class='ocrx_word' id='word_1_50' title='bbox 792 1566 1023 1655; x_wconf 67' lang='lat' dir='ltr'>periclitamur.</span> <span class='ocrx_word' id='word_1_51' title='bbox 1068 1564 1285 1646; x_wconf 72' lang='lat' dir='ltr'>Miseremini,</span> <span class='ocrx_word' id='word_1_52' title='bbox 1308 1586 1513 1651; x_wconf 74' lang='lat' dir='ltr'>quaesumus3</span> 
     </span>
     <span class='ocr_line' id='line_1_8' title="bbox 469 1667 1517 1757; baseline -0.001 -23"><span class='ocrx_word' id='word_1_53' title='bbox 469 1690 511 1735; x_wconf 89' lang='lat' dir='ltr'>ne</span> <span class='ocrx_word' id='word_1_54' title='bbox 541 1670 658 1736; x_wconf 83' lang='lat' dir='ltr'>sinatis</span> <span class='ocrx_word' id='word_1_55' title='bbox 688 1692 748 1736; x_wconf 89' lang='lat' dir='ltr'>nos</span> <span class='ocrx_word' id='word_1_56' title='bbox 777 1669 893 1757; x_wconf 90' lang='lat' dir='ltr'>perire,</span> <span class='ocrx_word' id='word_1_57' title='bbox 924 1690 1006 1755; x_wconf 88' lang='lat' dir='ltr'>quos</span> <span class='ocrx_word' id='word_1_58' title='bbox 1039 1667 1217 1734; x_wconf 84' lang='lat' dir='ltr'>ineffabilia</span> <span class='ocrx_word' id='word_1_59' title='bbox 1250 1669 1381 1734; x_wconf 87' lang='lat' dir='ltr'>bonitas</span> <span class='ocrx_word' id='word_1_60' title='bbox 1409 1668 1517 1734; x_wconf 89' lang='lat' dir='ltr'>voluit</span> 
     </span>
     <span class='ocr_line' id='line_1_9' title="bbox 469 1770 1517 1839; baseline -0.003 -1"><span class='ocrx_word' id='word_1_61' title='bbox 469 1770 619 1839; x_wconf 86' lang='lat' dir='ltr'>salvari.”</span> <span class='ocrx_word' id='word_1_62' title='bbox 687 1772 744 1838; x_wconf 90' lang='lat' dir='ltr'>Illi</span> <span class='ocrx_word' id='word_1_63' title='bbox 778 1776 890 1837; x_wconf 88' lang='lat' dir='ltr'>autem</span> <span class='ocrx_word' id='word_1_64' title='bbox 927 1771 1107 1837; x_wconf 88' lang='lat' dir='ltr'>humanam</span> <span class='ocrx_word' id='word_1_65' title='bbox 1141 1793 1255 1837; x_wconf 87' lang='lat' dir='ltr'>vocem</span> <span class='ocrx_word' id='word_1_66' title='bbox 1289 1792 1359 1837; x_wconf 88' lang='lat' dir='ltr'>esse</span> <span class='ocrx_word' id='word_1_67' title='bbox 1394 1770 1517 1837; x_wconf 86' lang='lat' dir='ltr'>iutelli-</span> 
     </span>
     <span class='ocr_line' id='line_1_10' title="bbox 468 1873 1517 1963; baseline -0.004 -22"><span class='ocrx_word' id='word_1_68' title='bbox 468 1880 592 1963; x_wconf 85' lang='lat' dir='ltr'>gentee,</span> <span class='ocrx_word' id='word_1_69' title='bbox 620 1896 718 1963; x_wconf 87' lang='lat' dir='ltr'>supra</span> <span class='ocrx_word' id='word_1_70' title='bbox 740 1875 874 1941; x_wconf 90' lang='lat' dir='ltr'>modum</span> <span class='ocrx_word' id='word_1_71' title='bbox 896 1873 1052 1940; x_wconf 83' lang='lat' dir='ltr'>admirati</span> <span class='ocrx_word' id='word_1_72' title='bbox 1073 1880 1161 1954; x_wconf 89' lang='lat' dir='ltr'>sunt,</span> <span class='ocrx_word' id='word_1_73' title='bbox 1185 1874 1347 1960; x_wconf 88' lang='lat' dir='ltr'>quomodo</span> <span class='ocrx_word' id='word_1_74' title='bbox 1368 1873 1517 1939; x_wconf 87' lang='lat' dir='ltr'>homines</span> 
     </span>
     <span class='ocr_line' id='line_1_11' title="bbox 469 1975 1516 2065; baseline -0.005 -20"><span class='ocrx_word' id='word_1_75' title='bbox 469 1980 529 2045; x_wconf 88' lang='lat' dir='ltr'>sub</span> <span class='ocrx_word' id='word_1_76' title='bbox 567 1978 666 2045; x_wconf 85' lang='lat' dir='ltr'>undis</span> <span class='ocrx_word' id='word_1_77' title='bbox 702 1978 802 2044; x_wconf 84' lang='lat' dir='ltr'>maris</span> <span class='ocrx_word' id='word_1_78' title='bbox 843 1979 957 2045; x_wconf 86' lang='lat' dir='ltr'>vivere</span> <span class='ocrx_word' id='word_1_79' title='bbox 992 1982 1134 2065; x_wconf 85' lang='lat' dir='ltr'>possent,</span> <span class='ocrx_word' id='word_1_80' title='bbox 1179 1977 1405 2063; x_wconf 69' lang='lat' dir='ltr'>submimoque</span> <span class='ocrx_word' id='word_1_81' title='bbox 1441 1975 1516 2041; x_wconf 85' lang='lat' dir='ltr'>velo</span> 
     </span>
     <span class='ocr_line' id='line_1_12' title="bbox 469 2078 1513 2168; baseline -0.004 -21"><span class='ocrx_word' id='word_1_82' title='bbox 469 2080 650 2147; x_wconf 81' lang='lat' dir='ltr'>emisenmt</span> <span class='ocrx_word' id='word_1_83' title='bbox 693 2102 769 2147; x_wconf 92' lang='lat' dir='ltr'>cum</span> <span class='ocrx_word' id='word_1_84' title='bbox 806 2078 974 2147; x_wconf 84' lang='lat' dir='ltr'>celeritate</span> <span class='ocrx_word' id='word_1_85' title='bbox 1010 2080 1164 2168; x_wconf 85' lang='lat' dir='ltr'>scapham</span> <span class='ocrx_word' id='word_1_86' title='bbox 1201 2080 1241 2145; x_wconf 89' lang='lat' dir='ltr'>de</span> <span class='ocrx_word' id='word_1_87' title='bbox 1278 2080 1367 2161; x_wconf 82' lang='lat' dir='ltr'>navi,</span> <span class='ocrx_word' id='word_1_88' title='bbox 1397 2084 1437 2145; x_wconf 94' lang='lat' dir='ltr'>ut</span> <span class='ocrx_word' id='word_1_89' title='bbox 1473 2080 1513 2144; x_wconf 91' lang='lat' dir='ltr'>ad</span> 
     </span>
     <span class='ocr_line' id='line_1_13' title="bbox 468 2182 1516 2271; baseline -0.002 -21"><span class='ocrx_word' id='word_1_90' title='bbox 468 2186 608 2251; x_wconf 90' lang='lat' dir='ltr'>eundem</span> <span class='ocrx_word' id='word_1_91' title='bbox 626 2182 734 2250; x_wconf 85' lang='lat' dir='ltr'>locum</span> <span class='ocrx_word' id='word_1_92' title='bbox 753 2184 961 2271; x_wconf 78' lang='lat' dir='ltr'>remigarent</span> <span class='ocrx_word' id='word_1_93' title='bbox 1005 2183 1078 2265; x_wconf 85' lang='lat' dir='ltr'>Quo</span> <span class='ocrx_word' id='word_1_94' title='bbox 1098 2183 1337 2270; x_wconf 74' lang='lat' dir='ltr'>pervenientes,</span> <span class='ocrx_word' id='word_1_95' title='bbox 1359 2182 1516 2249; x_wconf 88' lang='lat' dir='ltr'>viderunt</span> 
     </span>
     <span class='ocr_line' id='line_1_14' title="bbox 468 2285 1513 2374; baseline -0.002 -21"><span class='ocrx_word' id='word_1_96' title='bbox 468 2292 535 2353; x_wconf 80' lang='lat' dir='ltr'>tres</span> <span class='ocrx_word' id='word_1_97' title='bbox 564 2286 739 2374; x_wconf 83' lang='lat' dir='ltr'>praedictos</span> <span class='ocrx_word' id='word_1_98' title='bbox 761 2286 851 2353; x_wconf 86' lang='lat' dir='ltr'>viros</span> <span class='ocrx_word' id='word_1_99' title='bbox 877 2286 1028 2352; x_wconf 83' lang='lat' dir='ltr'>sedentes</span> <span class='ocrx_word' id='word_1_100' title='bbox 1054 2287 1091 2350; x_wconf 92' lang='lat' dir='ltr'>in</span> <span class='ocrx_word' id='word_1_101' title='bbox 1116 2285 1183 2351; x_wconf 90' lang='lat' dir='ltr'>imo</span> <span class='ocrx_word' id='word_1_102' title='bbox 1212 2286 1308 2372; x_wconf 87' lang='lat' dir='ltr'>quasi</span> <span class='ocrx_word' id='word_1_103' title='bbox 1336 2285 1374 2351; x_wconf 91' lang='lat' dir='ltr'>in</span> <span class='ocrx_word' id='word_1_104' title='bbox 1404 2291 1513 2373; x_wconf 82' lang='lat' dir='ltr'>puteo,</span> 
     </span>
     <span class='ocr_line' id='line_1_15' title="bbox 468 2388 1517 2476; baseline 0.001 -22"><span class='ocrx_word' id='word_1_105' title='bbox 468 2410 529 2455; x_wconf 91' lang='lat' dir='ltr'>nec</span> <span class='ocrx_word' id='word_1_106' title='bbox 547 2410 666 2476; x_wconf 87' lang='lat' dir='ltr'>aquam</span> <span class='ocrx_word' id='word_1_107' title='bbox 687 2410 730 2455; x_wconf 87' lang='lat' dir='ltr'>ex</span> <span class='ocrx_word' id='word_1_108' title='bbox 747 2388 860 2475; x_wconf 79' lang='lat' dir='ltr'>eliqua</span> <span class='ocrx_word' id='word_1_109' title='bbox 881 2392 976 2475; x_wconf 84' lang='lat' dir='ltr'>parte</span> <span class='ocrx_word' id='word_1_110' title='bbox 998 2410 1054 2454; x_wconf 88' lang='lat' dir='ltr'>eos</span> <span class='ocrx_word' id='word_1_111' title='bbox 1076 2409 1170 2475; x_wconf 86' lang='lat' dir='ltr'>posse</span> <span class='ocrx_word' id='word_1_112' title='bbox 1190 2388 1387 2476; x_wconf 85' lang='lat' dir='ltr'>contingere</span> <span class='ocrx_word' id='word_1_113' title='bbox 1433 2388 1517 2455; x_wconf 85' lang='lat' dir='ltr'>Haec</span> 
     </span>
     <span class='ocr_line' id='line_1_16' title="bbox 467 2488 1516 2578; baseline 0.001 -22"><span class='ocrx_word' id='word_1_114' title='bbox 467 2496 580 2557; x_wconf 89' lang='lat' dir='ltr'>autem</span> <span class='ocrx_word' id='word_1_115' title='bbox 616 2489 794 2567; x_wconf 88' lang='lat' dir='ltr'>intuentes,</span> <span class='ocrx_word' id='word_1_116' title='bbox 832 2488 1072 2557; x_wconf 87' lang='lat' dir='ltr'>vehementiori</span> <span class='ocrx_word' id='word_1_117' title='bbox 1108 2496 1242 2578; x_wconf 89' lang='lat' dir='ltr'>stupore</span> <span class='ocrx_word' id='word_1_118' title='bbox 1279 2513 1379 2576; x_wconf 93' lang='lat' dir='ltr'>quam</span> <span class='ocrx_word' id='word_1_119' title='bbox 1415 2498 1516 2557; x_wconf 87' lang='lat' dir='ltr'>antea</span> 
     </span>
     <span class='ocr_line' id='line_1_17' title="bbox 467 2592 1515 2679; baseline 0 -20"><span class='ocrx_word' id='word_1_120' title='bbox 467 2594 586 2674; x_wconf 82' lang='lat' dir='ltr'>firsrat,</span> <span class='ocrx_word' id='word_1_121' title='bbox 616 2592 766 2679; x_wconf 87' lang='lat' dir='ltr'>perculsa</span> <span class='ocrx_word' id='word_1_122' title='bbox 802 2596 853 2657; x_wconf 89' lang='lat' dir='ltr'>est</span> <span class='ocrx_word' id='word_1_123' title='bbox 890 2612 984 2657; x_wconf 89' lang='lat' dir='ltr'>mens</span> <span class='ocrx_word' id='word_1_124' title='bbox 1021 2614 1157 2672; x_wconf 89' lang='lat' dir='ltr'>eorum;</span> <span class='ocrx_word' id='word_1_125' title='bbox 1195 2598 1231 2658; x_wconf 86' lang='lat' dir='ltr'>et</span> <span class='ocrx_word' id='word_1_126' title='bbox 1267 2592 1403 2659; x_wconf 87' lang='lat' dir='ltr'>inmisso</span> <span class='ocrx_word' id='word_1_127' title='bbox 1437 2593 1515 2659; x_wconf 85' lang='lat' dir='ltr'>sune</span> 
     </span>
    </p>
   </div>
   <div class='ocr_carea' id='block_1_3' title="bbox 337 2693 1514 2782">
    <p class='ocr_par' dir='ltr' id='par_1_3' title="bbox 337 2693 1514 2782">
     <span class='ocr_line' id='line_1_18' title="bbox 337 2693 1514 2782; baseline 0.001 -22"><span class='ocrx_word' id='word_1_128' title='bbox 337 2733 341 2745; x_wconf 90' lang='lat'><strong>·</strong></span> <span class='ocrx_word' id='word_1_129' title='bbox 468 2700 642 2762; x_wconf 83' lang='lat' dir='ltr'>traxerunt</span> <span class='ocrx_word' id='word_1_130' title='bbox 668 2716 723 2761; x_wconf 85' lang='lat' dir='ltr'>eos</span> <span class='ocrx_word' id='word_1_131' title='bbox 746 2693 783 2759; x_wconf 92' lang='lat' dir='ltr'>in</span> <span class='ocrx_word' id='word_1_132' title='bbox 808 2694 971 2782; x_wconf 79' lang='lat' dir='ltr'>scapham,</span> <span class='ocrx_word' id='word_1_133' title='bbox 997 2695 1153 2760; x_wconf 88' lang='lat' dir='ltr'>ducentes</span> <span class='ocrx_word' id='word_1_134' title='bbox 1178 2716 1288 2761; x_wconf 87' lang='lat' dir='ltr'>seeum</span> <span class='ocrx_word' id='word_1_135' title='bbox 1315 2696 1359 2761; x_wconf 85' lang='lat' dir='ltr'>ad</span> <span class='ocrx_word' id='word_1_136' title='bbox 1387 2716 1514 2761; x_wconf 77' lang='lat' dir='ltr'>navem.</span> 
     </span>
    </p>
   </div>
   <div class='ocr_carea' id='block_1_4' title="bbox 467 2797 1517 4844">
    <p class='ocr_par' dir='ltr' id='par_1_4' title="bbox 467 2797 1517 4844">
     <span class='ocr_line' id='line_1_19' title="bbox 468 2797 1515 2889; baseline 0 -25"><span class='ocrx_word' id='word_1_137' title='bbox 468 2797 539 2865; x_wconf 89' lang='lat' dir='ltr'>Ubi</span> <span class='ocrx_word' id='word_1_138' title='bbox 567 2798 682 2864; x_wconf 88' lang='lat' dir='ltr'>audito</span> <span class='ocrx_word' id='word_1_139' title='bbox 712 2797 902 2889; x_wconf 34' lang='lat' dir='ltr'>err-ordine</span> <span class='ocrx_word' id='word_1_140' title='bbox 931 2798 1125 2862; x_wconf 70' lang='lat' dir='ltr'>salvationis</span> <span class='ocrx_word' id='word_1_141' title='bbox 1161 2818 1230 2864; x_wconf 84' lang='lat' dir='ltr'>suae</span> <span class='ocrx_word' id='word_1_142' title='bbox 1266 2799 1375 2879; x_wconf 88' lang='lat' dir='ltr'>mode,</span> <span class='ocrx_word' id='word_1_143' title='bbox 1405 2820 1515 2864; x_wconf 87' lang='lat' dir='ltr'>omnes</span> 
     </span>
     <span class='ocr_line' id='line_1_20' title="bbox 467 2901 1513 2989; baseline 0 -21"><span class='ocrx_word' id='word_1_144' title='bbox 467 2901 526 2989; x_wconf 93' lang='lat' dir='ltr'>qui</span> <span class='ocrx_word' id='word_1_145' title='bbox 566 2901 603 2966; x_wconf 90' lang='lat' dir='ltr'>in</span> <span class='ocrx_word' id='word_1_146' title='bbox 641 2921 727 2966; x_wconf 83' lang='lat' dir='ltr'>nave</span> <span class='ocrx_word' id='word_1_147' title='bbox 766 2905 862 2966; x_wconf 89' lang='lat' dir='ltr'>erant</span> <span class='ocrx_word' id='word_1_148' title='bbox 898 2901 1167 2987; x_wconf 81' lang='lat' dir='ltr'>glorificaverunt</span> <span class='ocrx_word' id='word_1_149' title='bbox 1196 2902 1316 2983; x_wconf 88' lang='lat' dir='ltr'>Deum,</span> <span class='ocrx_word' id='word_1_150' title='bbox 1347 2902 1513 2968; x_wconf 84' lang='lat' dir='ltr'>dicentes:</span> 
     </span>
     <span class='ocr_line' id='line_1_21' title="bbox 469 3002 1515 3092; baseline 0 -21"><span class='ocrx_word' id='word_1_151' title='bbox 469 3004 589 3071; x_wconf 82' lang='lat' dir='ltr'>“Vere</span> <span class='ocrx_word' id='word_1_152' title='bbox 618 3003 779 3070; x_wconf 88' lang='lat' dir='ltr'>mirabilis</span> <span class='ocrx_word' id='word_1_153' title='bbox 808 3008 859 3069; x_wconf 88' lang='lat' dir='ltr'>eet</span> <span class='ocrx_word' id='word_1_154' title='bbox 888 3002 981 3070; x_wconf 88' lang='lat' dir='ltr'>Deus</span> <span class='ocrx_word' id='word_1_155' title='bbox 1006 3004 1044 3069; x_wconf 90' lang='lat' dir='ltr'>in</span> <span class='ocrx_word' id='word_1_156' title='bbox 1081 3005 1235 3070; x_wconf 85' lang='lat' dir='ltr'>omnibus</span> <span class='ocrx_word' id='word_1_157' title='bbox 1263 3005 1415 3092; x_wconf 87' lang='lat' dir='ltr'>operibus</span> <span class='ocrx_word' id='word_1_158' title='bbox 1436 3007 1515 3085; x_wconf 87' lang='lat' dir='ltr'>suis,</span> 
     </span>
     <span class='ocr_line' id='line_1_22' title="bbox 468 3105 1516 3195; baseline 0.001 -23"><span class='ocrx_word' id='word_1_159' title='bbox 468 3111 502 3173; x_wconf 89' lang='lat' dir='ltr'>at</span> <span class='ocrx_word' id='word_1_160' title='bbox 531 3127 608 3172; x_wconf 87' lang='lat' dir='ltr'>vere</span> <span class='ocrx_word' id='word_1_161' title='bbox 636 3107 749 3194; x_wconf 86' lang='lat' dir='ltr'>magni</span> <span class='ocrx_word' id='word_1_162' title='bbox 779 3105 891 3171; x_wconf 89' lang='lat' dir='ltr'>meriti</span> <span class='ocrx_word' id='word_1_163' title='bbox 920 3107 1009 3193; x_wconf 90' lang='lat' dir='ltr'>apud</span> <span class='ocrx_word' id='word_1_164' title='bbox 1047 3105 1156 3172; x_wconf 90' lang='lat' dir='ltr'>Deum</span> <span class='ocrx_word' id='word_1_165' title='bbox 1192 3108 1353 3194; x_wconf 84' lang='lat' dir='ltr'>gloriosus</span> <span class='ocrx_word' id='word_1_166' title='bbox 1388 3115 1516 3195; x_wconf 79' lang='lat' dir='ltr'>martyr</span> 
     </span>
     <span class='ocr_line' id='line_1_23' title="bbox 469 3207 1516 3298; baseline 0.002 -24"><span class='ocrx_word' id='word_1_167' title='bbox 469 3207 691 3274; x_wconf 87' lang='lat' dir='ltr'>Edmundus.”</span> <span class='ocrx_word' id='word_1_168' title='bbox 752 3207 881 3274; x_wconf 85' lang='lat' dir='ltr'>Salvati</span> <span class='ocrx_word' id='word_1_169' title='bbox 918 3208 998 3274; x_wconf 83' lang='lat' dir='ltr'>v&#39;ero</span> <span class='ocrx_word' id='word_1_170' title='bbox 1039 3213 1079 3274; x_wconf 93' lang='lat' dir='ltr'>ut</span> <span class='ocrx_word' id='word_1_171' title='bbox 1122 3212 1255 3294; x_wconf 89' lang='lat' dir='ltr'>portum</span> <span class='ocrx_word' id='word_1_172' title='bbox 1299 3210 1516 3298; x_wconf 81' lang='lat' dir='ltr'>contigerant,</span> 
     </span>
     <span class='ocr_line' id='line_1_24' title="bbox 468 3309 1515 3397; baseline 0.002 -21"><span class='ocrx_word' id='word_1_173' title='bbox 468 3311 594 3376; x_wconf 88' lang='lat' dir='ltr'>concito</span> <span class='ocrx_word' id='word_1_174' title='bbox 623 3311 729 3397; x_wconf 75' lang='lat' dir='ltr'>gradu</span> <span class='ocrx_word' id='word_1_175' title='bbox 752 3309 843 3375; x_wconf 88' lang='lat' dir='ltr'>baeti</span> <span class='ocrx_word' id='word_1_176' title='bbox 865 3310 1023 3396; x_wconf 83' lang='lat' dir='ltr'>martyris</span> <span class='ocrx_word' id='word_1_177' title='bbox 1056 3311 1225 3377; x_wconf 87' lang='lat' dir='ltr'>Edmundi</span> <span class='ocrx_word' id='word_1_178' title='bbox 1253 3311 1430 3393; x_wconf 86' lang='lat' dir='ltr'>basilicam,</span> <span class='ocrx_word' id='word_1_179' title='bbox 1457 3314 1515 3378; x_wconf 91' lang='lat' dir='ltr'>ubi</span> 
     </span>
     <span class='ocr_line' id='line_1_25' title="bbox 468 3413 1514 3502; baseline 0.003 -24"><span class='ocrx_word' id='word_1_180' title='bbox 468 3435 584 3499; x_wconf 86' lang='lat' dir='ltr'>corpus</span> <span class='ocrx_word' id='word_1_181' title='bbox 628 3413 698 3479; x_wconf 91' lang='lat' dir='ltr'>eius</span> <span class='ocrx_word' id='word_1_182' title='bbox 742 3433 816 3478; x_wconf 88' lang='lat' dir='ltr'>cum</span> <span class='ocrx_word' id='word_1_183' title='bbox 860 3413 1053 3500; x_wconf 83' lang='lat' dir='ltr'>integritate</span> <span class='ocrx_word' id='word_1_184' title='bbox 1101 3413 1252 3501; x_wconf 87' lang='lat' dir='ltr'>quiescit,</span> <span class='ocrx_word' id='word_1_185' title='bbox 1296 3416 1514 3502; x_wconf 75' lang='lat' dir='ltr'>expetiertmt,</span> 
     </span>
     <span class='ocr_line' id='line_1_26' title="bbox 467 3515 1516 3606; baseline 0.004 -25"><span class='ocrx_word' id='word_1_186' title='bbox 467 3515 580 3600; x_wconf 90' lang='lat' dir='ltr'>ibique</span> <span class='ocrx_word' id='word_1_187' title='bbox 616 3537 676 3602; x_wconf 90' lang='lat' dir='ltr'>pro</span> <span class='ocrx_word' id='word_1_188' title='bbox 719 3535 780 3580; x_wconf 84' lang='lat' dir='ltr'>sua</span> <span class='ocrx_word' id='word_1_189' title='bbox 825 3515 1008 3582; x_wconf 86' lang='lat' dir='ltr'>salvatione</span> <span class='ocrx_word' id='word_1_190' title='bbox 1052 3516 1178 3603; x_wconf 84' lang='lat' dir='ltr'>gratias</span> <span class='ocrx_word' id='word_1_191' title='bbox 1222 3517 1294 3584; x_wconf 94' lang='lat' dir='ltr'>Deo</span> <span class='ocrx_word' id='word_1_192' title='bbox 1339 3524 1516 3606; x_wconf 87' lang='lat' dir='ltr'>sanctoque</span> 
     </span>
     <span class='ocr_line' id='line_1_27' title="bbox 468 3620 1517 3713; baseline 0.005 -27"><span class='ocrx_word' id='word_1_193' title='bbox 468 3620 645 3687; x_wconf 86' lang='lat' dir='ltr'>Edmundo</span> <span class='ocrx_word' id='word_1_194' title='bbox 683 3621 804 3688; x_wconf 84' lang='lat' dir='ltr'>devota</span> <span class='ocrx_word' id='word_1_195' title='bbox 840 3628 953 3688; x_wconf 90' lang='lat' dir='ltr'>mente</span> <span class='ocrx_word' id='word_1_196' title='bbox 986 3623 1172 3704; x_wconf 84' lang='lat' dir='ltr'>referentes,</span> <span class='ocrx_word' id='word_1_197' title='bbox 1210 3625 1377 3690; x_wconf 86' lang='lat' dir='ltr'>monachis</span> <span class='ocrx_word' id='word_1_198' title='bbox 1414 3647 1517 3713; x_wconf 90' lang='lat' dir='ltr'>popu·</span> 
     </span>
     <span class='ocr_line' id='line_1_28' title="bbox 467 3723 1516 3815; baseline 0.004 -25"><span class='ocrx_word' id='word_1_199' title='bbox 467 3724 564 3811; x_wconf 87' lang='lat' dir='ltr'>loque</span> <span class='ocrx_word' id='word_1_200' title='bbox 593 3724 684 3792; x_wconf 90' lang='lat' dir='ltr'>tanti</span> <span class='ocrx_word' id='word_1_201' title='bbox 713 3724 864 3791; x_wconf 87' lang='lat' dir='ltr'>miraculi</span> <span class='ocrx_word' id='word_1_202' title='bbox 893 3723 1010 3791; x_wconf 86' lang='lat' dir='ltr'>seriem</span> <span class='ocrx_word' id='word_1_203' title='bbox 1045 3725 1197 3812; x_wconf 82' lang='lat' dir='ltr'>diligenti</span> <span class='ocrx_word' id='word_1_204' title='bbox 1227 3727 1387 3793; x_wconf 84' lang='lat' dir='ltr'>relatione</span> <span class='ocrx_word' id='word_1_205' title='bbox 1416 3749 1516 3815; x_wconf 88' lang='lat' dir='ltr'>expo-</span> 
     </span>
     <span class='ocr_line' id='line_1_29' title="bbox 469 3828 1516 3918; baseline 0.004 -24"><span class='ocrx_word' id='word_1_206' title='bbox 469 3831 613 3896; x_wconf 88' lang='lat' dir='ltr'>suerunt.</span> <span class='ocrx_word' id='word_1_207' title='bbox 681 3828 755 3909; x_wconf 83' lang='lat' dir='ltr'>Quo</span> <span class='ocrx_word' id='word_1_208' title='bbox 804 3829 927 3910; x_wconf 88' lang='lat' dir='ltr'>audito,</span> <span class='ocrx_word' id='word_1_209' title='bbox 962 3851 1075 3895; x_wconf 87' lang='lat' dir='ltr'>omnes</span> <span class='ocrx_word' id='word_1_210' title='bbox 1103 3853 1184 3896; x_wconf 83' lang='lat' dir='ltr'>voce</span> <span class='ocrx_word' id='word_1_211' title='bbox 1228 3829 1361 3918; x_wconf 87' lang='lat' dir='ltr'>publica</span> <span class='ocrx_word' id='word_1_212' title='bbox 1406 3831 1516 3898; x_wconf 88' lang='lat' dir='ltr'>Deum</span> 
     </span>
     <span class='ocr_line' id='line_1_30' title="bbox 467 3931 1516 4022; baseline 0.002 -23"><span class='ocrx_word' id='word_1_213' title='bbox 467 3932 717 4010; x_wconf 83' lang='lat' dir='ltr'>benedixerunt,</span> <span class='ocrx_word' id='word_1_214' title='bbox 749 3931 806 4019; x_wconf 91' lang='lat' dir='ltr'>qui</span> <span class='ocrx_word' id='word_1_215' title='bbox 836 3931 922 3998; x_wconf 87' lang='lat' dir='ltr'>illud</span> <span class='ocrx_word' id='word_1_216' title='bbox 958 3932 1160 4020; x_wconf 87' lang='lat' dir='ltr'>stupendum</span> <span class='ocrx_word' id='word_1_217' title='bbox 1191 3935 1396 4013; x_wconf 84' lang='lat' dir='ltr'>miraculum,</span> <span class='ocrx_word' id='word_1_218' title='bbox 1427 3937 1516 4022; x_wconf 86' lang='lat' dir='ltr'>quod</span> 
     </span>
     <span class='ocr_line' id='line_1_31' title="bbox 469 4035 1517 4124; baseline 0.006 -24"><span class='ocrx_word' id='word_1_219' title='bbox 469 4035 635 4122; x_wconf 84' lang='lat' dir='ltr'>quondam</span> <span class='ocrx_word' id='word_1_220' title='bbox 663 4040 815 4122; x_wconf 89' lang='lat' dir='ltr'>operatus</span> <span class='ocrx_word' id='word_1_221' title='bbox 845 4039 897 4100; x_wconf 91' lang='lat' dir='ltr'>est</span> <span class='ocrx_word' id='word_1_222' title='bbox 929 4035 967 4100; x_wconf 92' lang='lat' dir='ltr'>in</span> <span class='ocrx_word' id='word_1_223' title='bbox 996 4035 1144 4123; x_wconf 87' lang='lat' dir='ltr'>apostolo</span> <span class='ocrx_word' id='word_1_224' title='bbox 1178 4035 1288 4116; x_wconf 87' lang='lat' dir='ltr'>Paulo,</span> <span class='ocrx_word' id='word_1_225' title='bbox 1321 4037 1380 4124; x_wconf 90' lang='lat' dir='ltr'>qui</span> <span class='ocrx_word' id='word_1_226' title='bbox 1394 4037 1448 4104; x_wconf 81' lang='lat' dir='ltr'>dia</span> <span class='ocrx_word' id='word_1_227' title='bbox 1478 4062 1517 4106; x_wconf 83' lang='lat' dir='ltr'>ae</span> 
     </span>
     <span class='ocr_line' id='line_1_32' title="bbox 467 4136 1516 4225; baseline 0.005 -22"><span class='ocrx_word' id='word_1_228' title='bbox 467 4143 563 4205; x_wconf 91' lang='lat' dir='ltr'>nocte</span> <span class='ocrx_word' id='word_1_229' title='bbox 593 4139 630 4203; x_wconf 88' lang='lat' dir='ltr'>in</span> <span class='ocrx_word' id='word_1_230' title='bbox 658 4136 822 4224; x_wconf 87' lang='lat' dir='ltr'>profundo</span> <span class='ocrx_word' id='word_1_231' title='bbox 859 4137 960 4202; x_wconf 88' lang='lat' dir='ltr'>maris</span> <span class='ocrx_word' id='word_1_232' title='bbox 990 4137 1062 4216; x_wconf 72' lang='lat' dir='ltr'>fuit,</span> <span class='ocrx_word' id='word_1_233' title='bbox 1093 4137 1250 4225; x_wconf 84' lang='lat' dir='ltr'>dignatus</span> <span class='ocrx_word' id='word_1_234' title='bbox 1279 4145 1331 4205; x_wconf 88' lang='lat' dir='ltr'>est</span> <span class='ocrx_word' id='word_1_235' title='bbox 1360 4141 1516 4209; x_wconf 86' lang='lat' dir='ltr'>moderno</span> 
     </span>
     <span class='ocr_line' id='line_1_33' title="bbox 468 4239 1516 4329; baseline 0.005 -24"><span class='ocrx_word' id='word_1_236' title='bbox 468 4247 614 4328; x_wconf 89' lang='lat' dir='ltr'>tempore</span> <span class='ocrx_word' id='word_1_237' title='bbox 635 4240 760 4307; x_wconf 86' lang='lat' dir='ltr'>meritis</span> <span class='ocrx_word' id='word_1_238' title='bbox 787 4239 943 4326; x_wconf 85' lang='lat' dir='ltr'>martyris</span> <span class='ocrx_word' id='word_1_239' title='bbox 969 4240 1020 4305; x_wconf 89' lang='lat' dir='ltr'>sui</span> <span class='ocrx_word' id='word_1_240' title='bbox 1046 4239 1213 4306; x_wconf 87' lang='lat' dir='ltr'>Edmundi</span> <span class='ocrx_word' id='word_1_241' title='bbox 1235 4242 1271 4307; x_wconf 92' lang='lat' dir='ltr'>in</span> <span class='ocrx_word' id='word_1_242' title='bbox 1293 4243 1516 4329; x_wconf 84' lang='lat' dir='ltr'>peccatoribus</span> 
     </span>
     <span class='ocr_line' id='line_1_34' title="bbox 469 4342 1515 4431; baseline 0.005 -23"><span class='ocrx_word' id='word_1_243' title='bbox 469 4342 603 4430; x_wconf 86' lang='lat' dir='ltr'>operari.</span> <span class='ocrx_word' id='word_1_244' title='bbox 664 4343 739 4408; x_wconf 90' lang='lat' dir='ltr'>Viri</span> <span class='ocrx_word' id='word_1_245' title='bbox 777 4348 888 4410; x_wconf 88' lang='lat' dir='ltr'>autem</span> <span class='ocrx_word' id='word_1_246' title='bbox 924 4343 1075 4431; x_wconf 81' lang='lat' dir='ltr'>praedicti</span> <span class='ocrx_word' id='word_1_247' title='bbox 1118 4343 1156 4409; x_wconf 92' lang='lat' dir='ltr'>in</span> <span class='ocrx_word' id='word_1_248' title='bbox 1200 4347 1390 4412; x_wconf 89' lang='lat' dir='ltr'>memoriam</span> <span class='ocrx_word' id='word_1_249' title='bbox 1427 4349 1515 4413; x_wconf 87' lang='lat' dir='ltr'>tanti</span> 
     </span>
     <span class='ocr_line' id='line_1_35' title="bbox 468 4445 1516 4534; baseline 0.006 -25"><span class='ocrx_word' id='word_1_250' title='bbox 468 4445 620 4510; x_wconf 88' lang='lat' dir='ltr'>miraculi</span> <span class='ocrx_word' id='word_1_251' title='bbox 655 4445 812 4533; x_wconf 83' lang='lat' dir='ltr'>gladium,</span> <span class='ocrx_word' id='word_1_252' title='bbox 844 4466 910 4534; x_wconf 94' lang='lat' dir='ltr'>quo</span> <span class='ocrx_word' id='word_1_253' title='bbox 953 4445 1092 4512; x_wconf 84' lang='lat' dir='ltr'>circulus</span> <span class='ocrx_word' id='word_1_254' title='bbox 1128 4447 1166 4511; x_wconf 92' lang='lat' dir='ltr'>in</span> <span class='ocrx_word' id='word_1_255' title='bbox 1209 4447 1372 4534; x_wconf 84' lang='lat' dir='ltr'>profundo</span> <span class='ocrx_word' id='word_1_256' title='bbox 1415 4449 1516 4515; x_wconf 84' lang='lat' dir='ltr'>maris</span> 
     </span>
     <span class='ocr_line' id='line_1_36' title="bbox 468 4547 1516 4630; baseline 0.004 -16"><span class='ocrx_word' id='word_1_257' title='bbox 468 4549 594 4614; x_wconf 82' lang='lat' dir='ltr'>foratus</span> <span class='ocrx_word' id='word_1_258' title='bbox 616 4547 734 4630; x_wconf 82' lang='lat' dir='ltr'>fuerat,</span> <span class='ocrx_word' id='word_1_259' title='bbox 757 4549 918 4615; x_wconf 87' lang='lat' dir='ltr'>monacho</span> <span class='ocrx_word' id='word_1_260' title='bbox 941 4550 1048 4615; x_wconf 87' lang='lat' dir='ltr'>sancti</span> <span class='ocrx_word' id='word_1_261' title='bbox 1073 4549 1242 4617; x_wconf 87' lang='lat' dir='ltr'>Edmundi</span> <span class='ocrx_word' id='word_1_262' title='bbox 1267 4551 1424 4617; x_wconf 86' lang='lat' dir='ltr'>feretrum</span> <span class='ocrx_word' id='word_1_263' title='bbox 1445 4574 1516 4619; x_wconf 89' lang='lat' dir='ltr'>cus·</span> 
     </span>
     <span class='ocr_line' id='line_1_37' title="bbox 467 4649 1514 4742; baseline 0.005 -26"><span class='ocrx_word' id='word_1_264' title='bbox 467 4649 609 4717; x_wconf 85' lang='lat' dir='ltr'>todienti</span> <span class='ocrx_word' id='word_1_265' title='bbox 624 4649 842 4717; x_wconf 81' lang='lat' dir='ltr'>tradidenmt.</span> <span class='ocrx_word' id='word_1_266' title='bbox 880 4651 1070 4719; x_wconf 86' lang='lat' dir='ltr'>Redeuntes</span> <span class='ocrx_word' id='word_1_267' title='bbox 1088 4674 1163 4718; x_wconf 87' lang='lat' dir='ltr'>eum</span> <span class='ocrx_word' id='word_1_268' title='bbox 1182 4655 1303 4741; x_wconf 85' lang='lat' dir='ltr'>gaudio</span> <span class='ocrx_word' id='word_1_269' title='bbox 1316 4654 1360 4719; x_wconf 87' lang='lat' dir='ltr'>ad</span> <span class='ocrx_word' id='word_1_270' title='bbox 1373 4656 1514 4742; x_wconf 81' lang='lat' dir='ltr'>proprio,</span> 
     </span>
     <span class='ocr_line' id='line_1_38' title="bbox 468 4753 1372 4844; baseline 0.002 -24"><span class='ocrx_word' id='word_1_271' title='bbox 468 4753 558 4826; x_wconf 86' lang='lat' dir='ltr'>beati</span> <span class='ocrx_word' id='word_1_272' title='bbox 584 4753 753 4820; x_wconf 83' lang='lat' dir='ltr'>Edmundi</span> <span class='ocrx_word' id='word_1_273' title='bbox 777 4753 896 4823; x_wconf 74' lang='lat' dir='ltr'>meula</span> <span class='ocrx_word' id='word_1_274' title='bbox 920 4753 1043 4844; x_wconf 90' lang='lat' dir='ltr'>ubique</span> <span class='ocrx_word' id='word_1_275' title='bbox 1070 4756 1372 4844; x_wconf 84' lang='lat' dir='ltr'>magnificaveumt</span> 
     </span>
    </p>
   </div>
   <div class='ocr_carea' id='block_1_5' title="bbox 0 0 1776 5797">
    <p class='ocr_par' dir='ltr' id='par_1_5' title="bbox 0 0 1776 5797">
     <span class='ocr_line' id='line_1_39' title="bbox 0 0 1776 5797; baseline 0 0"><span class='ocrx_word' id='word_1_276' title='bbox 0 0 1776 5797; x_wconf 95' lang='lat' dir='ltr'> </span> 
     </span>
    </p>
   </div>
  </div>
 </body>
</html>
