3542 5800
464 846 528 909 330
722 858 791 907 mc.
816 858 863 905 nn
886 858 1021 907 emmo.
1043 859 1136 907 erec.
1159 859 1246 909 nrsr.

463 1043 605 1108 tolorurn
644 1044 810 1130 principis,
850 1066 980 1110 necnon
1028 1050 1063 1110 et
1101 1045 1208 1109 sancti
1260 1043 1364 1130 patris
1409 1042 1518 1108 nostri

465 1146 616 1231 Gregorii
639 1166 733 1232 papee
749 1152 848 1232 atque
872 1147 1022 1213 omnium
1037 1153 1235 1212 sanctorum
1275 1146 1321 1210 Et
1343 1150 1425 1211 tunc
1447 1168 1519 1211 am·

463 1248 565 1333 pliore
588 1248 747 1314 firmitate
770 1272 829 1315 rex
861 1250 1070 1315 AEthelwlfns
1098 1250 1211 1336 posuit
1233 1249 1394 1315 certulam
1415 1271 1518 1336 supra

463 1352 567 1416 altere
589 1352 695 1415 sancti
714 1351 813 1429 Petri,
839 1356 873 1417 ct
895 1352 1040 1438 episcopi
1062 1374 1120 1437 pro
1143 1352 1209 1417 fido
1232 1351 1298 1417 Dei
1321 1356 1516 1437 occeperunt

464 1458 498 1517 et
530 1458 644 1539 postea
676 1475 734 1539 per
765 1476 878 1521 ornnes
910 1455 1061 1520 ecclesias
1094 1455 1228 1541 Angliae
1258 1455 1516 1519 transmiserunt

463 1556 499 1619 in
522 1556 590 1621 suis
612 1556 782 1642 parochiis

296 1898 450 1966 Rog.wene.
856 1884 1111 1953 Cosrmolrro.

295 1970 345 2018 and
357 1969 428 2018 Matr.

295 2035 399 2085 Westm.
733 2074 737 2081 ,
1027 2078 1034 2091 ο
1144 2077 1151 2091 ⁸
1279 2079 1286 2093 ι

295 2102 363 2153 nl).
376 2104 432 2153 357,
510 2077 761 2141 AETHELWLFUS
780 2098 858 2141 vero
882 2099 942 2141 rex
964 2078 1119 2163 pacrfious
1142 2081 1229 2143 mter
1243 2079 1311 2143 alre
1325 2077 1414 2143 bona
1433 2100 1515 2164 prm·

462 2181 565 2245 sentis
588 2181 668 2246 vitre
704 2179 814 2244 studia
848 2179 890 2244 de
921 2202 980 2244 suo
1003 2180 1151 2245 transitu
1172 2181 1214 2245 ad
1238 2183 1327 2246 viam
1351 2181 1513 2246 universi-

463 2284 543 2348 tatis
565 2284 723 2370 cogitans,
747 2305 789 2347 ne
812 2282 874 2346 filii
898 2281 968 2346 eius
998 2287 1074 2368 post
1096 2282 1225 2348 obitum
1248 2306 1344 2349 suurn
1368 2285 1458 2349 inter
1479 2306 1514 2348 se

293 2418 445 2471 AEthelwlfs
463 2385 692 2471 disceptarent,
708 2385 941 2450 hereditariam
965 2384 1105 2449 scribere
1129 2385 1302 2472 epistolam
1324 2386 1513 2474 imperavit,

292 2489 351 2539 will·
462 2488 499 2551 in
532 2510 596 2572 qua
630 2492 665 2551 ct
695 2488 790 2574 regni
820 2488 910 2552 inter
944 2487 1029 2551 filios
1060 2487 1297 2553 Ethelbaldum
1328 2494 1363 2554 et
1397 2488 1513 2554 Ethel-

462 2590 588 2667 redum‚
622 2594 657 2655 et
690 2590 778 2655 inter
809 2590 913 2654 filiam
946 2594 982 2653 et
1012 2589 1212 2676 propinquos
1255 2613 1294 2656 ao
1336 2592 1430 2679 regni
1459 2592 1513 2655 sui

292 2736 364 2787 will.
461 2692 588 2759 nobiles
625 2691 781 2758 summae¹
805 2691 1028 2779 pecuniarum,
1066 2714 1141 2778 quae
1162 2698 1237 2779 post
1261 2714 1295 2757 se
1318 2699 1511 2779 superesset,

292 2805 379 2853 Malm·
392 2802 419 2853 ii,
462 2797 657 2861 divisionem
696 2795 927 2861 ordinabiliter
956 2795 1113 2861 mandere
1150 2796 1273 2861 litteris
1311 2796 1510 2883 procuravit.

291 2872 447 3006 3³⁹&ae
462 2901 525 2966 Pro
558 2901 708 2967 utilitate
740 2901 859 2965 animm
882 2921 951 2965 sum
978 2900 1142 2964 obsolute
1164 2921 1223 2986 per
1245 2921 1341 2964 omne
1371 2921 1513 2985 regnum

291 2971 413 3085 theqpoor,
460 3026 555 3070 suum
578 3025 705 3090 semper
721 3003 756 3067 in
778 3003 893 3068 decem
905 3001 998 3066 hedis
1021 3001 1074 3066 vel
1089 3001 1313 3067 mansionibus
1335 3024 1513 3089 pauperem

460 3129 563 3172 unum
596 3106 787 3192 indigenam
818 3105 873 3170 vel
904 3105 1115 3190 peregrinum
1146 3105 1219 3170 cibo
1242 3111 1324 3191 potu
1347 3111 1383 3170 et
1405 3106 1511 3192 operi-

460 3216 573 3276 mento
595 3209 831 3274 successoribus
855 3208 924 3273 suis
946 3229 1050 3293 usque
1072 3208 1107 3272 in
1130 3207 1230 3272 finem
1246 3208 1356 3274 saecrdi
1378 3214 1455 3294 post
1477 3230 1512 3273 se

462 3335 593 3398 pascere
616 3313 773 3400 praecepit
785 3335 793 3391 ;
820 3312 869 3376 ita
892 3316 1014 3388 tomen,
1030 3315 1071 3374 ut
1094 3312 1122 3374 si
1144 3307 1316 3375 termille
1338 3312 1513 3397 pecoribus

291 3413 394 3530 tghtheh
422 3479 435 3528 f
461 3415 612 3479 habitum
629 3417 725 3481 daret
748 3419 783 3480 ct
805 3414 848 3479 ab
870 3411 1037 3478 omnibus'
1051 3413 1219 3478 coleretur.
1266 3413 1382 3480 Romae
1396 3420 1511 3478 autem

291 3495 378 3598 Ronlirec.
406 3493 421 3528 ⁰
462 3518 601 3604 singulis
615 3520 711 3583 annis
727 3521 948 3583 trecentorum
965 3516 1175 3581 denariorum
1190 3537 1360 3583 mancusas
1383 3517 1513 3603 portari

462 3620 547 3698 fecit,
580 3621 637 3706 qni
667 3619 781 3686 taliter
810 3619 1039 3684 dividerentur
1067 3619 1215 3697 ibidem3
1253 3624 1386 3684 centum
1415 3641 1511 3684 man-

407 3773 409 3776 -
460 3747 552 3788 cusas
591 3723 714 3789 scilicet
746 3723 783 3787 in
820 3723 978 3787 honorem
1013 3722 1118 3787 sancti
1156 3721 1247 3787 Petri
1286 3723 1511 3808 apostolorum

458 3827 615 3914 principis
649 3825 834 3913 specialiter
868 3825 912 3889 ad
945 3823 1120 3890 emendum
1154 3824 1271 3904 oleum,
1307 3847 1373 3911 quo
1394 3826 1512 3912 imple·

458 3935 574 3996 rentur
596 3929 708 3995 omnia
729 3928 910 3994 luminaria
932 3926 1075 3993 eeclesiae
1098 3927 1287 4014 apostolieae
1316 3928 1353 3992 in
1374 3949 1512 4014 vespera

459 4033 592 4100 Pasohae
614 4039 648 4098 et
671 4031 869 4097 tantrmdem
893 4030 929 4094 in
944 4029 1139 4116 gallicantu
1154 4054 1162 4112 ;
1186 4035 1220 4095 et
1235 4037 1369 4096 centum
1384 4031 1510 4096 ibidem

459 4159 630 4204 mancusas
663 4137 699 4201 in
730 4137 852 4202 honore
887 4135 992 4200 sancti
1025 4133 1124 4198 Pauli
1157 4134 1282 4199 eisdem
1313 4135 1354 4199 de
1384 4135 1511 4212 ausim

459 4245 591 4330 uentum
622 4245 781 4327 praetereo
814 4259 987 4303 mancusas
1017 4237 1199 4302 universali
1221 4260 1317 4323 papm
1351 4237 1512 4324 praecepit

459 4342 607 4408 exhiberi
629 4345 673 4408 ed
694 4365 769 4408 sues
791 4341 1016 4427 eleemosynas
1039 4339 1251 4426 ampliandos.
1298 4339 1368 4404 Istc
1395 4345 1510 4404 autern

459 4467 518 4511 rex
549 4445 619 4511 Deo
655 4446 795 4512 devotus
829 4449 908 4510 ente
943 4444 1072 4508 obitum
1096 4442 1235 4528 Egberti
1258 4441 1330 4507 sive
1353 4442 1511 4529 Egbrilrti

493 4771 618 4839 ’summoe]
633 4787 763 4835 summam,
775 4771 830 4823 MS.
960 4771 966 4842 Ι
994 4770 1303 4839 20unitus1h0minibua
1315 4771 1388 4825 Matr.
1400 4771 1511 4828 tvaim.
