3542 5800
465 826 530 891 344
720 840 784 889 arc.
809 838 854 889 na
877 840 1012 890 omaro.
1037 842 1125 891 seso.
1151 842 1238 891 ursr.

298 1038 366 1091 al).
378 1043 434 1093 ero.
466 1021 532 1087 Dei
545 1027 617 1087 toto
631 1045 763 1111 corpore
777 1026 933 1112 gravibus
947 1026 1077 1113 sagittis
1092 1025 1244 1091 horridus
1259 1030 1295 1091 et
1315 1025 1508 1091 medullitus

297 1116 412 1237 ffisqffrb
466 1126 641 1213 asperitate
688 1133 927 1195 tormentorum
987 1128 1178 1207 dilaniatus,
1226 1130 1263 1193 in
1309 1127 1507 1194 confessione

334 1222 339 1235 '
413 1226 419 1237 '
464 1229 629 1315 patienter
662 1230 817 1317 perstitit,
841 1254 941 1317 quam
963 1234 1005 1298 ad
1038 1233 1192 1298 ultimum
1216 1237 1349 1319 accepta
1370 1229 1505 1316 capitali

296 1334 352 1387 ΜΒ.
368 1340 399 1398 Α,
464 1333 630 1399 sententia
651 1334 770 1401 finivit.
818 1334 920 1400 Ouius
943 1357 1059 1422 corpus
1081 1335 1131 1401 ita
1151 1340 1306 1400 truncum
1328 1339 1363 1400 et
1385 1332 1504 1399 aculeis

295 1403 336 1455 Μ’
352 1410 378 1455 ¹¹
393 1408 416 1456 b·
463 1433 626 1502 hirsutum
648 1437 878 1523 relinquentes,
900 1461 988 1504 cum
1009 1460 1068 1504 suo
1091 1443 1222 1503 auctore
1244 1437 1334 1502 Dani
1354 1436 1506 1501 ministro

463 1538 584 1603 diaboli
605 1539 688 1606 illud
718 1546 818 1627 caput
840 1547 998 1621 sanctum,
1022 1540 1110 1628 quod
1142 1562 1209 1606 non
1244 1539 1506 1628 impinguaverat

461 1642 639 1726 peccatoris
664 1642 771 1709 oleum
798 1644 855 1709 sed
889 1645 969 1709 certi
1003 1644 1154 1731 mysterii
1193 1649 1442 1719 sacramentum,
1470 1641 1506 1705 in

461 1743 578 1810 silvam
625 1747 678 1811 cui
714 1746 909 1812 vocabulum
955 1752 1005 1813 est
1052 1746 1283 1833 Heglesdonne
1319 1745 1506 1811 recedentes

461 1852 721 1934 asportaverunt,
746 1870 783 1913 ac
805 1849 894 1914 inter
921 1851 1021 1915 densa
1042 1850 1193 1937 veprium
1212 1850 1355 1915 frutecta
1376 1847 1506 1934 longius

460 1952 641 2037 proiectum
664 1953 882 2031 occuluerunt,
909 1952 944 2018 id
971 1954 1060 2020 omni
1083 1952 1263 2041 sagacitate
1288 1951 1503 2029 elaborantes,

460 2076 502 2121 ne
528 2078 549 2121 a
575 2054 780 2135 Christianis,
806 2076 888 2142 quos
914 2056 973 2120 vix
997 2078 1116 2143 paucos
1153 2055 1362 2141 reliquerant,
1397 2076 1503 2120 sacra-

460 2156 624 2223 tissimum
647 2180 761 2245 corpus
784 2158 943 2244 martyris
966 2180 1039 2225 cum
1062 2158 1168 2245 capite
1189 2180 1249 2245 pro
1267 2156 1505 2225 tumulantium

459 2260 592 2325 modulo
615 2260 760 2327 honestae
781 2263 967 2328 traderetur
988 2262 1173 2349 sepulturae.
1220 2262 1309 2326 Huic
1324 2261 1506 2347 spectaculo

459 2366 528 2425 tam
567 2362 716 2428 horribili
753 2364 888 2451 quidam
925 2369 1046 2429 nostrae
1082 2364 1251 2452 religionis
1289 2362 1506 2429 delitescendo

459 2462 618 2545 interstat,
657 2487 753 2551 quem
787 2467 1000 2545 subtractum,
1032 2472 1071 2533 ut
1101 2466 1271 2546 credimus,
1287 2487 1505 2553 paganorum

458 2566 576 2652 gladiis
613 2567 738 2634 Divina
766 2569 975 2655 providentia
1014 2569 1057 2635 ad
1093 2569 1371 2635 manifestandum
1407 2567 1505 2633 huius

458 2670 505 2735 rei
520 2670 707 2759 indaginem
730 2673 912 2739 reservavit
923 2697 932 2754 ;
954 2672 1032 2738 licet
1047 2672 1180 2738 omnino
1202 2670 1404 2759 ignoraverit
1425 2668 1506 2757 quid

457 2772 625 2861 decapite
658 2774 781 2841 factum
803 2781 906 2856 esset,
944 2776 1010 2841 nisi
1040 2776 1129 2862 quod
1161 2796 1236 2839 cum
1267 2796 1305 2840 eo
1339 2774 1504 2839 camilices

461 2873 576 2944 Danos
591 2878 779 2946 interiorem
793 2880 913 2945 silvam
926 2884 1038 2966 petere
1062 2879 1290 2966 conspexisset
1338 2876 1504 2958 Quamob-

290 2954 311 2987 θ’
332 2978 363 3024 ·’
459 3001 528 3046 rem
564 2984 852 3071 quantulacunque
878 2983 1008 3050 reddita
1034 2983 1176 3050 ecclesiae
1211 3004 1298 3070 pace,
1334 2986 1504 3072 coeperunt

460 3083 639 3152 Christiani
664 3087 704 3152 de
731 3087 877 3153 latibulis
901 3109 1101 3173 consurgere,
1117 3085 1268 3173 diligenti
1290 3085 1505 3172 inquisitione

458 3193 644 3275 satagentes
674 3197 714 3257 ut
749 3197 847 3279 caput
877 3192 928 3256 sui
957 3191 1043 3277 regis
1073 3195 1108 3256 et
1148 3189 1303 3275 martyris
1328 3190 1505 3254 inventurn

457 3290 582 3378 reliquo
605 3294 730 3380 corpori
753 3296 887 3360 unirent
914 3301 948 3359 et
974 3294 1069 3358 iuxta
1094 3315 1186 3358 suam
1215 3292 1406 3358 facultatem
1429 3313 1505 3358 con-

457 3392 558 3480 digno
573 3395 694 3461 honore
709 3397 926 3462 reconderent.
972 3395 1141 3482 Siquidem
1156 3395 1292 3482 paganis
1306 3394 1504 3460 abeuntibus

457 3500 491 3562 et
514 3497 761 3584 depopulationi
776 3499 920 3566 locorum
936 3520 1068 3585 operam
1090 3497 1254 3574 dantibus,
1281 3497 1364 3563 illud
1387 3515 1504 3584 corpus

456 3599 697 3666 sanctissimum
728 3603 834 3666 adhuc
871 3601 1035 3667 subdivo
1068 3602 1221 3688 positum,
1260 3599 1413 3666 facillime
1451 3601 1502 3666 est

457 3707 621 3788 repertum
651 3704 688 3768 in
718 3706 830 3771 eodem
857 3727 971 3790 campo
996 3703 1056 3770 ubi
1086 3726 1145 3770 rex
1168 3702 1320 3769 occubuit
1342 3701 1503 3788 completo

457 3828 554 3872 cursu
576 3807 628 3872 sui
657 3809 851 3874 certaminis.
913 3807 986 3886 Qua
1016 3813 1148 3895 propter
1177 3807 1350 3894 antiquam
1378 3805 1501 3872 benefi-

457 3909 580 3976 ciorum
603 3911 792 3976 memoriam
815 3915 850 3976 et
865 3911 1047 3998 ingenitam
1063 3911 1150 3997 regis
1165 3909 1372 3975 clementiam
1386 3905 1502 3996 populi

457 4013 605 4100 undique
638 4013 784 4100 gratuito
809 4012 1011 4079 confluentes
1045 4016 1215 4099 ooeperunt
1245 4017 1361 4079 maesto
1392 4012 1504 4078 animo

456 4116 603 4202 graviter
617 4116 708 4195 ferre,
737 4116 824 4202 quod
851 4117 1031 4182 caruissent
1055 4119 1152 4182 tanta
1178 4115 1319 4202 corporis
1341 4114 1500 4201 portione.

458 4218 603 4298 Quorum
619 4221 743 4285 animos
765 4241 905 4307 superna
927 4217 1101 4306 inspiravit
1114 4217 1310 4304 benignitas,
1326 4223 1500 4305 postquam

456 4320 634 4387 audierunt
675 4322 762 4388 illius
792 4321 895 4387 verba
924 4321 1029 4402 utilia,
1060 4320 1117 4408 qui
1146 4325 1250 4386 tantae
1283 4317 1427 4401 visionis,
1459 4324 1499 4385 ut

455 4424 581 4490 dictum
607 4431 665 4505 est,
692 4425 854 4514 particeps
875 4426 1036 4506 astiterat,
1060 4429 1101 4490 ut
1124 4423 1258 4491 collecta
1282 4423 1497 4510 plurimorum

454 4527 669 4593 multitudine
696 4549 959 4614 quaquaversum
984 4549 1043 4614 per
1071 4527 1165 4592 invia
1191 4525 1349 4592 silvarum
1373 4525 1500 4612 experi-

454 4635 576 4710 rentur,
611 4630 638 4696 si
672 4631 715 4695 od
745 4630 779 4696 id
813 4631 876 4696 loci
911 4631 1063 4696 devenire
1096 4630 1311 4718 contingeret,
1345 4650 1410 4716 quo
1431 4627 1496 4692 viri

453 4735 557 4800 sancti
587 4738 685 4820 caput
715 4735 839 4800 iaceret.
901 4734 964 4800 Pro
994 4737 1083 4800 certo
1117 4735 1205 4800 enim
1237 4733 1389 4798 omnibus
1418 4753 1497 4798 vere
