3542 5800
446 906 494 956 nn
516 906 633 957 orans
656 906 777 957 aranas
798 907 982 958 auen—11.
1007 907 1183 957 carmem.
1299 894 1340 957 49

293 1097 337 1157 Ut
356 1116 411 1157 rex
434 1095 636 1158 Orientalium
661 1096 817 1157 Saxonum
839 1096 936 1157 Sebba
965 1096 996 1155 in
1023 1097 1197 1157 monachica
1218 1116 1341 1159 convcr-

329 1193 444 1250 satione
464 1192 558 1251 vitam
578 1190 699 1251 finierit
745 1190 820 1269 Cap.
835 1191 911 1249 xlix.

292 1282 336 1343 Ut
349 1284 510 1343 Willridus
528 1286 687 1362 episcopus
707 1284 894 1363 provinciam
915 1284 1105 1345 Australium
1128 1282 1281 1343 Saxonum
1302 1286 1339 1343 sd

329 1376 485 1438 Christum
505 1379 697 1439 converterit.
744 1376 818 1457 Cap.
832 1376 865 1436 l'·

292 1470 336 1529 De
365 1478 461 1530 morte
491 1472 719 1549 subregulorum
750 1471 991 1531 Occidentalium
1022 1470 1175 1531 Saxonum
1207 1470 1339 1533 Eacwini

329 1571 360 1623 et
393 1564 559 1639 Kentwini,
593 1572 625 1624 ct
658 1566 698 1626 de
730 1566 917 1627 successione
952 1564 1112 1625 Cedwallae
1147 1566 1177 1625 in
1213 1584 1339 1644 rognum

329 1658 511 1733 pradictum.
558 1657 632 1738 Cap.
645 1659 678 1717 li.

291 1750 335 1810 Ut
348 1752 558 1811 AEtheldritha
571 1753 679 1829 regina
692 1752 780 1830 virgo
793 1758 940 1829 perpetua
956 1753 1164 1829 permanserit,
1180 1752 1265 1811 cuius
1283 1770 1339 1811 noc

330 1864 438 1921 corpus
458 1845 490 1903 in
509 1854 702 1905 monumento
722 1846 874 1922 corrumpi
895 1852 1044 1922 potuerat.
1091 1844 1165 1923 Cap.
1181 1845 1224 1903 lii.

292 1936 336 1997 Ut
349 1937 526 1997 Tbeodorus
547 1939 788 2015 archiepiscopus
805 1939 885 1997 inter
902 1936 1064 2015 Egiridum
1082 1946 1113 1997 et
1128 1937 1338 1997 AEthelredum

327 2050 413 2109 reges
432 2050 538 2110 pacem
556 2031 672 2093 fecerit.
718 2031 864 2111 cap.1iii.

289 2124 333 2185 Ut
345 2125 500 2186 cedwalla
512 2146 568 2186 rex
579 2126 818 2186 occidentalium
833 2124 988 2186 Saxonum
1002 2124 1199 2202 baptizandus
1214 2124 1339 2185 Romam

328 2220 465 2290 renerit3
494 2220 547 2279 seri
574 2227 606 2279 ct
629 2238 783 2281 successor
803 2220 868 2279 cius
888 2218 992 2279 eadem
1012 2218 1213 2297 apostolorum
1235 2218 1339 2279 limina

328 2312 484 2373 beatorum
503 2313 630 2373 devotus
651 2313 769 2371 adierit.
811 2312 854 2371 Et
874 2312 911 2371 de
932 2312 987 2371 Ine
1007 2330 1087 2389 rege.
1134 2311 1208 2391 Cap.
1224 2312 1277 2371 liv.

291 2404 336 2463 Do
353 2413 449 2465 morie
468 2404 584 2465 Alfridi
604 2406 685 2483 regis
705 2404 990 2463 Northumbrorum.
1037 2403 1111 2484 Cap.
1126 2405 1168 2464 lv.

289 2496 337 2558 De
365 2500 430 2558 vita
463 2499 512 2559 vel
545 2498 631 2559 obitu
665 2498 822 2557 Ethelredi
858 2499 939 2575 regis
972 2498 1164 2571 Merciorum‚
1193 2508 1224 2557 ct
1258 2501 1338 2577 quod

327 2592 488 2651 Kenradns
528 2591 713 2651 Ethsldredo
753 2592 898 2651 successit
937 2591 969 2651 in
1010 2610 1104 2669 regno
1145 2592 1337 2653 Merciorum.

332 2684 404 2763 Cap.
420 2685 473 2744 lri.

288 2778 334 2839 Da
356 2780 441 2839 obitu
462 2780 543 2856 regis
565 2778 716 2839 Wiihredi
740 2778 981 2851 cimmeriorum,
1004 2786 1035 2837 et
1055 2778 1092 2837 de
1113 2786 1207 2838 morto
1230 2778 1337 2839 Osrcdi

325 2873 404 2951 regis
438 2871 722 2947 Northumbrorum,
755 2880 786 2932 ot
820 2872 856 2930 dc
892 2870 1019 2934 Cclredo
1046 2890 1117 2951 rege
1142 2872 1335 2934 Marciorum.

330 2965 403 3046 Cap.
417 2966 483 3026 lvii.

288 3059 333 3118 De
352 3059 533 3119 Ethelbaldo
553 3079 625 3138 rege
645 3061 838 3120 Marciorum.
885 3059 959 3139 Cap.
974 3059 1052 3118 lviii.

287 3152 333 3212 De
364 3153 546 3212 AEthclardo
579 3172 651 3231 rege
685 3154 927 3225 westsaxonum,
957 3159 988 3211 et
1022 3151 1058 3210 de
1090 3149 1234 3211 Ceolwlfo
1264 3171 1335 3230 rege

326 3247 608 3320 Northumbrorum,
637 3255 668 3306 et
695 3248 733 3308 de
762 3256 858 3307 morte
888 3245 1004 3306 Seiredi
1030 3245 1112 3322 regis
1133 3245 1334 3306 Orientalium

328 3340 491 3413 Saxonum,
518 3349 549 3400 et
576 3341 613 3400 de
640 3341 826 3401 successione
855 3339 1028 3412 Swithredi‚
1051 3339 1103 3415 qui
1131 3339 1237 3398 extitit
1262 3339 1333 3399 ulti·

324 3453 390 3494 mns
410 3453 467 3493 rex
487 3435 569 3493 illius
589 3434 762 3511 provincia.
809 3433 883 3512 Cap.
899 3434 954 3493 lix.

287 3528 331 3588 De
362 3527 486 3606 regibus
520 3527 721 3588 Orientalium
748 3527 921 3604 Anglorum
955 3526 1168 3600 AEthelwoldo,
1203 3527 1331 3602 Beorna‚

322 3622 486 3694 Elcwoldo,
520 3628 551 3680 et
585 3620 758 3694 Ethelredo‚
792 3628 824 3681 et
858 3621 895 3679 de
932 3629 1028 3680 morio
1062 3619 1210 3680 Cuthredi
1251 3623 1331 3698 regis

324 3714 565 3776 occidentalium
595 3713 759 3788 Saxonum,
780 3722 811 3772 ct
835 3716 872 3772 dc
901 3733 972 3792 rege
1005 3713 1163 3790 Sigeborto
1185 3714 1332 3775 Occiden-

322 3809 429 3868 talium
465 3807 627 3883 Saxonum,
655 3816 687 3866 et
711 3808 748 3868 do
781 3807 916 3867 Edberto
945 3825 1016 3885 rege
1046 3807 1329 3870 Northumbrorum.

328 3900 400 3981 Cap.
414 3902 458 3960 lx.

284 3994 331 4054 De
351 3994 421 4056 Offa
439 4013 510 4072 rego
531 3993 722 4054 Merciorum.
769 3992 842 4073 Cup.
857 3993 911 4052 lxi.

285 4087 331 4146 De
363 4087 567 4147 AEthelwoldo
608 4106 678 4164 rege
712 4085 998 4146 Northumbrorum.
1059 4085 1106 4146 De
1139 4085 1333 4147 AEthelberto

322 4199 393 4258 rege
413 4179 655 4240 Cantuariorum.
706 4179 754 4239 Da
774 4178 906 4238 Alcredo
927 4179 1007 4238 sirel
1029 4177 1146 4238 Aldred
1167 4176 1332 4240 Northum-

322 4276 443 4332 brorum
477 4292 559 4351 rege.
609 4273 656 4332 De
691 4273 878 4333 successione
906 4291 1011 4349 regum
1049 4271 1330 4336 Northumbrorum.

328 4365 401 4446 Cap.
416 4366 484 4425 lxii.

290 4631 896 4642 -—--·--—-———-——-——-—-—-·-—--
911 4633 996 4639 --—---
1027 4635 1055 4639 --
1079 4635 1096 4640 -·
1126 4636 1275 4642 ---------
1307 4639 1329 4642 --

670 4833 676 4845 ’
695 4833 759 4899 airu]
774 4833 868 4882 second
877 4830 953 4880 hand.
