3542 5800
312 2473 454 2527 AEtbelbert

313 2541 467 2609 irpinioned.

485 873 551 940 292
751 889 817 940 aso
839 887 886 940 ou
908 887 1041 940 annno.
1064 889 1152 942 seue.
1175 889 1261 942 nrsr.

484 1073 578 1142 sum¹
617 1076 713 1142 lateri
750 1076 899 1163 quolibet
934 1076 971 1145 in
1007 1078 1077 1144 looo
1113 1080 1259 1158 reconde,
1296 1078 1450 1167 quoniam
1488 1077 1532 1144 ad

483 1185 664 1264 tyrannum
694 1201 790 1246 nemo
818 1181 944 1247 intrare
975 1181 1065 1246 valet
1098 1187 1254 1261 armatus,
1284 1181 1350 1248 uisi
1379 1181 1462 1248 velit
1491 1189 1531 1248 ut

482 1281 544 1347 hoo
565 1281 654 1348 idem
672 1303 733 1349 rex
751 1281 929 1349 ulciscatur
942 1282 1076 1351 iratus.''
1121 1284 1215 1350 Fecit
1230 1284 1386 1352 velociter
1407 1285 1529 1350 amicus

483 1383 547 1449 Dei
576 1384 665 1470 quod
697 1386 851 1452 inimicus
882 1386 954 1452 eius
985 1386 1151 1452 oonsuluit
1180 1388 1218 1452 ei
1276 1387 1448 1474 Ingressus
1479 1393 1529 1453 est
1629 1431 1632 1436 -

483 1487 572 1552 enim
601 1508 663 1554 rex
691 1494 823 1554 sanetus
853 1511 928 1554 oum
962 1490 1128 1577 proditore
1161 1512 1241 1572 suo;
1274 1489 1423 1578 proditor
1450 1511 1529 1556 vero

482 1593 685 1660 deliberabat
716 1596 752 1660 in
778 1596 888 1662 animo
918 1617 977 1662 suo
1007 1597 1212 1662 innocentem
1234 1597 1343 1662 virum
1375 1603 1530 1662 nocenter

482 1696 646 1774 damnare,
685 1703 718 1763 et
756 1719 791 1764 se
827 1698 863 1763 in
904 1697 975 1764 looo
1011 1698 1111 1766 Judsa
1156 1699 1312 1766 Scariotis
1357 1698 1529 1772 infeliciter

481 1798 665 1885 subrogare

542 2260 792 2328 Counuuarro.
845 2257 911 2328 Ubi
934 2257 1157 2330 AEtbeltertoa
1179 2267 1300 2348 coptus
1322 2259 1462 2346 ituatur.
1543 2286 1547 2292 ·

527 2473 582 2540 Ur
614 2479 726 2542 autem
756 2474 809 2539 vir
843 2472 981 2542 Domini
1012 2475 1237 2542 AEthelbertus
1267 2475 1446 2544 thalamum
1477 2475 1527 2542 in·

478 2577 590 2657 travit,
615 2577 729 2645 statim
754 2581 869 2664 eaptus
892 2577 1079 2666 praeoipitur
1099 2579 1193 2667 ligari
1216 2584 1250 2645 et
1276 2583 1353 2646 ante
1376 2600 1528 2666 conspee-

478 2686 551 2746 tum
574 2679 712 2747 infausti
736 2680 891 2768 principis
915 2682 985 2747 sine
1008 2703 1100 2748 mora
1124 2682 1321 2770 praesentari.
1367 2682 1462 2748 Ostia
1491 2687 1527 2747 et

477 2785 586 2850 ianuae
612 2783 721 2850 omnia
746 2783 968 2865 recluduntur,
996 2784 1094 2850 duces
1117 2786 1186 2850 eius
1210 2791 1246 2851 et
1263 2783 1409 2851 eonsules
1435 2784 1526 2850 intro

477 2910 545 2958 uon
570 2888 801 2955 admittuntur.
848 2886 925 2952 Sola
939 2908 1013 2953 earo
1028 2886 1117 2954 beati
1137 2887 1202 2954 viri
1217 2887 1264 2954 ibi
1279 2887 1349 2953 sine
1364 2887 1527 2955 adiutorio

476 2991 642 3069 morietur,
664 2991 722 3057 sed
736 2990 835 3055 beata
860 2990 972 3055 anima
988 2988 1119 3057 Christo
1145 2990 1296 3057 adiutore
1320 2992 1364 3057 ad
1381 2990 1528 3057 colatis

477 3094 685 3161 subvehatur.
759 3093 836 3158 Stet
876 3093 994 3159 beatus
1034 3092 1261 3161 AEthelbertus
1299 3094 1394 3181 quasi
1422 3116 1527 3180 agnus

476 3203 667 3263 mansuetus
703 3196 748 3262 ad
768 3194 939 3261 victimam
968 3214 1090 3273 veram,
1125 3195 1248 3261 habens
1272 3196 1308 3261 in
1337 3196 1526 3263 humilitate

474 3300 682 3387 patientiam.
744 3296 961 3365 Commendat
1002 3296 1150 3363 Domino
1182 3298 1253 3364 Deo
1283 3320 1343 3364 suo
1380 3298 1523 3365 animem

474 3425 575 3480 suom,
605 3407 646 3469 ut
675 3402 713 3467 in
741 3399 962 3467 misericordia
991 3422 1050 3465 sua
1090 3402 1246 3488 suscipiat
1276 3422 1356 3480 eam,
1396 3406 1430 3469 et
1465 3424 1525 3488 per

473 3505 668 3593 temporales
692 3524 807 3591 poenas
829 3503 1002 3590 praesentis
1017 3504 1096 3571 vitae
1119 3504 1245 3570 dolores
1269 3509 1369 3592 queat
1385 3505 1523 3571 evadere

473 3606 678 3673 infelicitatis
714 3611 859 3672 aeternae.
929 3604 1058 3671 Deinde
1095 3627 1174 3673 vero
1222 3608 1331 3694 palam
1373 3608 1524 3673 omnibus

472 3709 644 3799 ingemuit,
689 3714 724 3775 et
753 3708 940 3774 huiusmodi
970 3708 1071 3774 verba
1112 3731 1186 3775 oum
1223 3711 1370 3776 inmensa
1408 3712 1523 3797 utique

472 3816 595 3906 pietate
614 3810 770 3902 profudit
816 3818 835 3850 “
850 3809 884 3876 N
887 3833 930 3877 on
953 3811 1065 3877 estin
1094 3810 1224 3879 homine
1250 3813 1307 3879 via
1337 3814 1413 3891 eius,
1439 3814 1523 3879 mul-

470 3925 572 4005 taque
595 3918 625 3982 ei
656 3938 699 3981 ex
722 3916 889 4001 insperato
911 3919 1051 4001 possunt
1076 3915 1227 3992 accidere,
1255 3936 1327 4001 quae
1351 3915 1415 3981 sibi
1438 3918 1521 3981 aoei-

471 4022 585 4087 deutia
608 4038 817 4106 neqiuquam
840 4017 1028 4103 frequenter
1053 4018 1138 4084 solet
1155 4018 1327 4084 asumma.
1373 4018 1458 4083 Heri
1483 4023 1520 4086 et

469 4122 708 4192 nudiustertius
737 4142 826 4187 eram
875 4141 1007 4186 securus
1042 4123 1076 4186 at
1115 4120 1204 4199 liber,
1246 4143 1306 4187 nee
1350 4120 1516 4187 thalamus

469 4227 577 4293 adhue
602 4226 711 4312 regius
737 4229 808 4290 erat
836 4222 920 4289 mihi
949 4244 1057 4288 oaroer
1069 4245 1077 4302 ;
1107 4223 1245 4289 necdum
1272 4246 1361 4289 eram
1383 4224 1519 4289 manicis

467 4330 580 4395 ferreis
602 4331 775 4396 oneratus,
811 4326 909 4393 Nune
934 4332 986 4391 sto
1009 4326 1239 4392 miserabiliter
1261 4328 1384 4393 eatenis
1406 4326 1519 4393 viucu-

467 4433 575 4497 latus:
606 4430 759 4509 tenebrae,
790 4451 865 4517 quae
899 4450 952 4493 me
982 4427 1100 4494 tanta⁹
1130 4428 1268 4515 ealigine
1298 4428 1519 4507 involverunt,

467 4535 552 4599 hano
573 4532 655 4597 mihi
679 4532 796 4597 mortis
825 4529 939 4597 horam
964 4530 1034 4596 Deo
1061 4531 1262 4597 terminante
1283 4531 1517 4618 prodiderunt:

502 4830 671 4900 'uspemer
683 4826 902 4895 supremumbffl.
988 4825 996 4895 Ι
1053 4824 1158 4894 ’mmJ
1170 4832 1247 4885 unia
1258 4822 1313 4876 MS.
