3542 5800
455 840 521 902 314
722 854 786 904 suc
810 855 857 902 ns
879 855 1009 904 omaso.
1034 855 1121 906 seso.
1145 855 1230 906 ures.

285 1076 358 1138 Quen
359 1077 409 1127 dri-
456 1041 575 1107 Stabat
597 1048 677 1108 tuno
700 1042 941 1123 Quendritlra
932 1067 968 1110 m
990 1045 1107 1110 solario
1130 1045 1340 1111 occidentalis
1361 1043 1502 1111 ecelesias

285 1145 391 1263 bis
361 1158 420 1209 ⁰05⁸
454 1142 544 1210 beati
559 1144 658 1224 Petri,
683 1168 781 1233 quarn
804 1149 869 1214 viae
892 1149 1036 1235 spatium
1059 1148 1186 1214 dirimit
1206 1148 1248 1214 ab
1271 1149 1356 1213 atrio
1375 1169 1502 1212 monas-

453 1246 537 1312 terii.
595 1248 678 1329 Quae
698 1251 872 1337 respiciens
895 1275 915 1317 a
937 1257 1048 1317 monte
1070 1252 1294 1318 decurrentem
1317 1250 1501 1316 multitudi-

452 1371 527 1415 nem
550 1372 625 1418 oum
646 1353 815 1440 triumpho
836 1355 992 1422 fraternae
1014 1354 1162 1442 ςιοιιιθ,Ι
1153 1378 1204 1420 ιιι
1217 1361 1252 1421 et
1274 1354 1501 1442 indignatione

451 1452 526 1518 felle
560 1455 660 1541 coepit
697 1457 868 1523 tabescere.
929 1459 1053 1545 Acoept
1054 1478 1138 1545 oque
1175 1459 1328 1545 psalterio
1359 1455 1500 1543 quodam

451 1557 617 1644 praestigio
643 1560 771 1626 studuit
805 1583 872 1626 non
902 1567 1035 1627 cantare
1067 1583 1127 1649 pro
1159 1561 1217 1626 illo
1247 1561 1305 1627 sed
1334 1561 1501 1625 incantare

452 1665 566 1725 contra
587 1661 681 1727 illum
703 1664 918 1730 centesimum
941 1669 1094 1732 octavum
1117 1665 1287 1752 psalmum,
1303 1663 1458 1749 quatinus
1480 1685 1502 1726 a

452 1763 518 1828 fine
540 1765 583 1828 sd
606 1771 712 1852 caput,
731 1767 774 1832 ab
796 1768 916 1834 ultimo
930 1790 1029 1834 versu
1050 1769 1093 1834 od
1116 1768 1267 1856 primum,
1283 1765 1501 1854 pervertendo

452 1887 528 1932 eum
557 1867 712 1935 fiaternee
741 1869 893 1936 felicitati
919 1869 1061 1938 efficeret
1090 1871 1315 1958 perniciosum.
1376 1869 1501 1934 Verum

451 1969 487 2034 in
517 1969 623 2056 ipsam
645 1973 847 2038 redundavit
871 1975 1081 2040 maledictum
1104 1997 1207 2040 suum.
1263 1974 1348 2040 Gum
1370 1971 1458 2038 enim
1481 1995 1502 2036 a

451 2095 472 2136 a
502 2074 567 2139 fine
594 2075 797 2142 ascendendo
827 2076 916 2143 hunc
937 2099 1068 2145 versum
1092 2100 1146 2143 ore
1168 2076 1313 2142 volverit
1334 2075 1499 2144 venefico:

454 2185 472 2210 “
496 2176 570 2242 Hoc
592 2200 673 2266 opus
695 2201 808 2246 eorum
831 2181 889 2268 qui
912 2179 1093 2248 detrahunt
1112 2181 1194 2246 mihi
1208 2181 1297 2268 apud
1312 2179 1501 2256 Dominum,

452 2286 470 2316 “
494 2286 529 2346 et
565 2283 624 2367 qui
660 2283 844 2370 loquuntur
873 2285 960 2349 mala
990 2285 1146 2351 adversus
1177 2285 1321 2350 animam
1351 2271 1501 2360 meam;’'

452 2382 611 2450 continuo
632 2385 697 2450 sibi
720 2388 853 2472 utrique
876 2387 963 2454 oculi
986 2389 1054 2453 suis
1077 2388 1209 2453 sedibus
1232 2388 1393 2474 exti1pati
1415 2385 1501 2450 deci·

453 2485 530 2550 dere
567 2507 665 2573 super
701 2487 807 2575 ipsam
845 2512 945 2576 quam
983 2490 1114 2578 legebat
1151 2491 1314 2577 paginam.
1382 2487 1504 2554 Adbuc

452 2594 564 2655 autem
585 2589 695 2676 ipsum
716 2593 910 2678 psalterium
932 2599 1070 2680 argento
1093 2597 1247 2680 paratum
1263 2593 1363 2658 huius
1377 2613 1521 2678 correp·¹

451 2690 554 2758 tionis
575 2694 702 2780 praebet
725 2693 884 2760 indicium
906 2695 943 2760 in
958 2695 1072 2761 eadem
1087 2696 1168 2762 sarie
1190 2695 1356 2783 lapsorum
1372 2695 1502 2762 orbium

452 2817 565 2862 cruore
594 2796 805 2864 maculatum
863 2797 942 2886 Ipsa
971 2819 1049 2864 vero
1079 2797 1196 2864 infelix
1225 2804 1301 2886 post
1329 2797 1501 2886 paululum

451 2901 588 2983 interiit,
611 2924 711 2988 quam
733 2904 846 2968 ferunt
867 2924 928 2968 nec
957 2903 993 2967 in
1016 2902 1157 2984 ecclesia,
1178 2902 1295 2968 necin
1322 2904 1416 2982 atrio,
1439 2923 1502 2968 nec

451 3004 488 3069 in
510 3026 624 3092 campo
646 3004 811 3092 sepultam
832 3028 927 3093 posse
949 3006 1064 3087 teneri,
1080 3006 1137 3071 sed
1155 3004 1323 3125 quendam
1338 3004 1501 3092 infantem

450 3108 689 3189 lucidissimum
705 3116 919 3196 apparentem
934 3109 1093 3175 cuidam'
1083 3108 1280 3196 russisseque
1302 3110 1338 3174 in
1360 3089 1501 3196 quodam

157 3206 161 3214 ’
285 3248 342 3299 Ken
343 3252 394 3300 erm
368 3249 427 3300 mis
451 3212 614 3299 profundo
636 3218 762 3279 semoto
783 3212 897 3299 proici.
938 3213 1061 3300 Regius
1083 3234 1161 3279 vero
1176 3217 1306 3299 martyr
1320 3211 1502 3279 Kenelmus

284 3317 345 3432 {Vitia
343 3318 406 3433 ῖθιῗ]
390 3326 417 3367 ιι
451 3320 589 3402 paterno
619 3316 818 3381 monasterio
840 3315 1119 3382 Wincbecoumbe
1146 3337 1220 3381 cum
1249 3315 1401 3381 altisonis
1429 3313 1502 3381 lau·

285 3451 396 3501 commu
452 3418 549 3484 dibus
578 3418 728 3499 infertur,
751 3418 848 3483 ubi'
838 3441 948 3506 ipsum
979 3419 1083 3505 patris
1109 3424 1359 3485 monumentum
1389 3422 1503 3484 sancta

452 3520 611 3587 memoria
632 3522 825 3601 celebratur,
848 3524 980 3609 etipse
1006 3522 1127 3587 filius
1117 3522 1300 3588 innumeris
1322 3522 1423 3586 ibi
1397 3522 1502 3609 signis

451 3633 533 3695 tunc
548 3631 583 3691 et
605 3626 756 3713 deinceps
771 3626 931 3693 exhibitis
949 3626 1060 3693 hostia
1074 3627 1281 3715 cognoscitur
1303 3626 1427 3694 sanctit
1412 3626 1502 3693 tatis

453 3729 581 3810 Quibus
616 3730 659 3794 ab
685 3729 889 3817 antiquitate
913 3730 995 3797 ooelo
1027 3729 1274 3818 reconsignatis,
1298 3751 1503 3817 exequamur

451 3855 556 3921 pauca
577 3854 620 3901 ex
642 3833 765 3899 multis

472 4124 730 4222 Corrrnunrro.
776 4122 827 4187 Dc
852 4110 1038 4189 miraculis
1058 4126 1137 4211 post
1161 4116 1182 4189 l.
1329 4128 1470 4191 mortem

466 4228 554 4295 tecti
576 4226 743 4313 rnomyris
766 4225 927 4293 nomana·
952 4224 1067 4313 ipsios
1088 4224 1225 4295 castis
1246 4246 1270 4292 o
1291 4224 1362 4293 Deo
1383 4225 1499 4312 sactis.

498 4441 570 4508 SUB
606 4466 683 4532 rego
726 4441 838 4510 Onuto
881 4442 936 4510 vir
978 4440 1142 4529 praedives
1179 4440 1331 4530 Esgotus,
1367 4442 1499 4509 nomina

453 4543 585 4631 Digera,
611 4546 727 4612 Dauus
752 4546 897 4624 natione,
921 4551 1050 4632 partem
1078 4550 1178 4614 terrae
1202 4546 1405 4613 adiacentem
1428 4546 1499 4611 ruri

451 4650 543 4714 beati
558 4649 712 4715 Kenelmi
733 4650 770 4715 in
784 4649 987 4716 Neventnna
1008 4670 1075 4715 suae
1097 4648 1292 4736 possessioni
1314 4647 1357 4715 ad
1373 4647 1500 4715 Oudin-

452 4755 530 4817 tone
554 4751 751 4819 moliebatur
777 4752 967 4839 adiungere,
991 4751 1051 4820 ubi
1081 4751 1216 4819 collecto
1246 4750 1499 4839 provincialium
