3542 5800
458 888 504 936 on
517 869 642 938 'orans
665 886 786 938 aneon
809 883 996 936 sucu—rr.
1021 873 1072 935 38.
1225 866 1289 928 155

234 1080 302 1146 qua
315 1060 428 1126 vicani
438 1067 606 1130 coenantes
620 1062 855 1149 epulabantur:
880 1065 916 1126 et
931 1064 1101 1146 arisceptus
1111 1079 1132 1122 a
1143 1055 1286 1124 dominis

238 1162 362 1242 domus,
378 1165 501 1230 resedit
516 1167 635 1252 etipse
651 1187 724 1231 cum
747 1165 794 1230 eis
817 1165 860 1230 ad
884 1163 1083 1242 convivium,
1098 1162 1288 1250 appendens
1400 1162 1404 1168 ’

237 1265 412 1334 linteolum
434 1289 509 1334 oum
531 1268 667 1354 pulvere
702 1289 798 1354 quem
836 1267 1006 1344 attulerat,
1039 1267 1076 1331 in
1104 1287 1173 1331 una
1193 1269 1289 1352 posta

239 1370 402 1456 parietis·
443 1371 593 1458 Cumque
616 1371 742 1436 diutius
765 1370 870 1457 epulis
893 1374 994 1456 atque
1016 1369 1172 1436 ebrietati
1193 1389 1289 1434 vaca·

239 1477 325 1552 rent,
340 1495 476 1540 accenso
498 1472 618 1560 mendi
639 1475 716 1559 igne
738 1473 774 1538 in
797 1473 913 1551 medio,
938 1473 1078 1560 contigit
1100 1471 1292 1538 volantibus

241 1573 278 1639 'sn
293 1575 400 1642 altum
415 1576 574 1656 scintillis,
591 1577 721 1642 crrlsnen
743 1575 867 1654 domus,
893 1576 1071 1662 quoderat
1092 1576 1197 1662 virgis
1218 1595 1294 1640 con·
1385 1567 1404 1664 ’γ

241 1682 375 1744 textum
412 1701 451 1745 ac
488 1680 563 1745 feno
593 1684 728 1758 tectum,
763 1678 945 1744 subitaneis
981 1678 1124 1743 flammis
1154 1677 1294 1763 impleri.

243 1781 339 1862 Quod
356 1803 432 1847 cum
446 1787 581 1868 repente
605 1783 753 1848 convivae
776 1785 901 1846 terrore
916 1779 1042 1846 confusi
1058 1781 1291 1866 conspicerent,

243 1885 401 1970 fugerunt
423 1885 518 1962 foras,
549 1884 597 1949 nil
622 1883 753 1950 ardenti
779 1884 892 1949 domui
917 1883 1117 1968 iamiamque
1139 1883 1296 1970 periturae

243 1987 395 2073 prodesse
426 1987 580 2052 valentes
651 1987 857 2073 Consumpta
894 2007 972 2072 ergo
1009 1987 1106 2050 domo
1143 1985 1295 2066 flammis,

245 2087 360 2176 posta¹
385 2089 589 2156 solummodo
611 2089 649 2154 in
671 2111 737 2176 qua
751 2088 861 2176 pulvis
884 2089 941 2154 ille
963 2089 1108 2153 inclusus
1123 2088 1296 2174 pendebat,

247 2197 323 2258 tuta
337 2192 380 2257 ab
394 2192 526 2278 ignibus
542 2197 576 2256 et
598 2193 725 2256 intecta
744 2192 914 2282 remansit
970 2189 1045 2270 Qua
1066 2192 1139 2257 visa
1160 2193 1296 2269 virtute,

246 2295 359 2360 mirati
381 2298 460 2360 eunt
482 2293 599 2373 valde;
622 2299 657 2358 et
671 2293 898 2380 perquirentes
913 2294 1080 2371 subtilius,
1096 2295 1298 2360 invenerunt

246 2397 388 2482 quiade
410 2397 467 2462 illo
490 2397 560 2462 loco
583 2401 772 2482 assumptus
794 2400 867 2461 erat
882 2396 1002 2482 pulvis,
1027 2397 1063 2462 in
1095 2419 1161 2484 quo
1191 2397 1297 2464 sancti

247 2501 333 2587 regis
356 2499 503 2565 Oswaldi
525 2499 660 2586 sanguis
682 2499 791 2564 firerat
806 2498 935 2564 effusus
984 2499 1112 2580 Quibus
1127 2501 1300 2588 patefactis

248 2625 286 2668 uc
315 2601 497 2668 diffamatis
526 2602 622 2688 longe
651 2601 783 2687 lateque
805 2601 978 2680 miraculis,
1011 2602 1111 2667 multi
1141 2625 1200 2688 per
1230 2603 1301 2668 dies

248 2705 356 2770 locum
371 2703 580 2790 frequentare
594 2703 698 2782 illum,
716 2709 750 2768 et
769 2703 951 2772 sanitatum
967 2703 1015 2769 ibi
1029 2706 1172 2791 gratiam
1187 2726 1301 2792 capere

250 2808 313 2874 sibi
336 2806 469 2892 suisque
491 2811 668 2893 coeperunt.

624 3122 702 3189 CAP.
728 3122 928 3190 XXXVIII.

273 3312 324 3379 De
339 3312 413 3379 oc'tu
427 3310 479 3379 cel
490 3316 597 3379 morte
611 3310 766 3397 redipisci
781 3310 855 3378 oiri
872 3310 1030 3397 sabaei,
1046 3310 1137 3399 repis
1158 3309 1280 3379 orire
1315 3333 1469 3386 Bessum.

600 3412 729 3481 tullum
752 3413 956 3501 Auplorwru

300 3608 407 3673 Asso
430 3606 547 3696 gratim
569 3607 803 3675 sexcentesimo
825 3606 991 3673 tricesimo
1011 3614 1107 3674 sexto
1123 3608 1256 3696 Sigbert
1256 3631 1295 3675 us
1296 3602 1456 3734 ‚gg-eg&-

254 3714 307 3777 vir
341 3732 399 3797 per
428 3711 539 3777 omnio
573 3710 697 3777 Christ'
673 3708 876 3775 traniasimus
913 3733 952 3777 ac
982 3711 1196 3790 doctissimus,
1229 3685 1365 3799 postus}
1338 3736 1425 3799 ugos

256 3812 471 3901 Erpwaldum
506 3812 679 3878 Rcdwaldi
717 3834 932 3880 successorem
975 3816 1119 3902 suscepit
1167 3802 1408 3902 regnuml'ffl·

258 3915 477 3983 Orientalium
493 3914 688 4002 Anglorum.
735 3914 802 3981 Hic
817 3916 907 3981 enim
928 3922 1001 3983 erat
1022 3918 1122 3984 horno
1145 3918 1252 3983 bonus
1269 3939 1308 3982 sc

257 4019 449 4105 religiosus:
483 4018 539 4103 qui
564 4018 645 4083 dum
667 4018 703 4081 in
720 4016 832 4085 Gallia
853 4020 980 4085 dudum
995 4020 1155 4097 exularet,
1178 4020 1308 4106 firgiens

256 4121 447 4188 inimicitias
494 4119 667 4185 Redweldi
704 4118 798 4207 regis,
837 4120 1006 4186 lavacrum
1043 4122 1200 4209 baptismi
1237 4144 1308 4209 per-

257 4224 354 4312 cepit.
424 4222 489 4289 Sed
511 4224 654 4309 patriam
684 4243 842 4301 reverens,
865 4223 924 4288 ubi
954 4245 1056 4310 regno
1093 4224 1308 4311 potitusest,

257 4348 338 4393 mox
360 4348 399 4392 ca
436 4346 510 4412 quae
547 4325 584 4389 in
622 4324 738 4389 Galliis
770 4325 853 4390 bene
885 4324 1046 4443 disposita
1075 4327 1162 4393 vidit
1147 4280 1309 4395 timitari

258 4430 401 4517 cupiens,
428 4428 576 4493 instituit
598 4428 777 4493 scholam
768 4450 804 4492 1n
835 4450 901 4513 qua
923 4430 1017 4514 pueri
1047 4429 1089 4495 lit
1074 4430 1172 4496 tteris
1201 4430 1396 4497 erudi·oFun
1359 4429 1453 4479 ΜΨ

258 4536 398 4598 rentur:
424 4530 561 4596 iuvante
583 4552 618 4595 se
642 4530 790 4617 episcopo
813 4529 922 4596 Felice
940 4554 1038 4619 quem
1061 4534 1101 4599 de
1117 4534 1244 4600 Kantia
1258 4557 1310 4599 ac-
1320 4495 1414 4546 11111111

518 4849 534 4915 1,
546 4848 632 4916 poeta]
646 4854 738 4913 pastea,
752 4846 806 4899 MS.
843 4848 890 4898 See.
903 4848 964 4897 Bed.
978 4849 1012 4899 iii.
1029 4856 1065 4899 10.
1141 4815 1147 4825 ·
