3542 5800
455 908 503 965 ns
524 906 640 966 smus
662 904 785 961 amun
805 888 1066 963 asoa-1270.
1224 890 1289 957 tto

244 1098 308 1167 tibi
344 1098 444 1165 lldsm
481 1096 703 1187 persuadeam,
735 1098 883 1165 ordinem
913 1098 962 1163 rei
998 1100 1101 1183 gesta
1135 1094 1279 1183 pandam

245 1201 330 1271 (lum
351 1202 456 1289 igitur
477 1206 552 1289 post
572 1222 733 1267 recessum
755 1204 853 1268 tuum
874 1201 1026 1289 sequenti
1045 1202 1142 1265 nocte
1161 1219 1292 1265 somnus

245 1312 279 1373 et
315 1304 463 1394 gaudem
499 1304 649 1393 nihilque
687 1304 817 1371 adversi
855 1304 1024 1391 suspicans
1053 1325 1114 1369 rex
1143 1302 1291 1367 cubitum

244 1410 331 1490 isset,
351 1432 389 1475 ao
411 1430 469 1496 par
492 1412 599 1475 totum
624 1406 784 1495 palatium
806 1407 942 1473 familiis
963 1408 1121 1494 strepitus
1141 1406 1422 1505 conquiacsmor.

245 1512 356 1593 visset,
386 1511 477 1577 intra
513 1510 700 1577 cubiculum
737 1512 807 1598 regi
845 1510 951 1576 adhuc
988 1510 1142 1595 vigilanti
1181 1508 1291 1575 subito
1301 1492 1418 1612 Vffi)

245 1616 338 1682 mirae
370 1612 602 1702 pulcritudinis
639 1612 731 1679 miles
769 1612 879 1679 astitit
909 1615 1051 1699 ignotus,
1081 1612 1293 1678 vibrantibus
1303 1576 1328 1626 μ’
1418 1596 1425 1609 ⁰

246 1718 346 1783 armis
376 1722 522 1795 ornatus,
553 1738 736 1803 vocansque
762 1717 894 1803 proprio
919 1716 1052 1781 nomine
1081 1737 1191 1802 regem
1221 1716 1291 1782 ait:

247 1819 331 1887 ‘Vis
351 1819 471 1887 habere
491 1818 665 1897 tributum,
683 1819 712 1885 Ο
727 1840 796 1900 rex,
811 1819 853 1885 de
872 1822 963 1885 terra
981 1818 1088 1885 saneti
1102 1818 1294 1885 Edrnundil

247 1922 360 2011 Surge,
385 1922 509 2009 suscipe
535 1920 637 1987 illud'
690 1919 756 2002 Qui
779 1942 975 2007 consurgens
998 1922 1035 1986 in
1056 1925 1130 1986 toro
1153 1920 1293 1997 resedit;

246 2026 303 2093 sed
334 2046 412 2091 mox
438 2024 618 2113 conspectis
644 2025 743 2091 armis
767 2024 962 2091 terribiliter
983 2024 1155 2091 vociferari
1185 2025 1296 2113 ooepit.

250 2129 355 2213 Quem
386 2128 543 2194 continuo
573 2126 668 2193 miles
696 2128 823 2215 impetu
853 2127 940 2193 facto
969 2126 1082 2193 lancea
1114 2128 1295 2215 perfossum

248 2232 362 2299 chiens
377 2230 519 2317 reliquit.
565 2230 620 2295 Ad
631 2230 723 2296 cuius
737 2230 913 2297 clamorem
928 2229 1148 2318 expergefacti
1162 2252 1296 2296 concur·

247 2340 363 2414 rentes,
380 2332 568 2401 invenimus
590 2354 665 2399 eum
683 2352 795 2399 cruore
815 2334 946 2421 proprio
969 2333 1131 2400 foedatum
1150 2334 1295 2399 animam

248 2437 436 2505 eructasse.”
482 2436 577 2517 Quod
592 2434 729 2502 audiens
744 2436 950 2503 venerandus
964 2436 1143 2504 monachus
1162 2437 1205 2503 ad
1225 2442 1362 2508 amns.
1373 2453 1406 2519 B,

248 2541 436 2609 evidentem
457 2538 648 2605 relationem
671 2540 745 2606 ilico
767 2562 889 2629 magna
909 2540 1114 2607 exultatione
1136 2540 1297 2629 tripudia·
1307 2526 1349 2576 f⁰¹·
1362 2524 1430 2576 ⁹⁰b·

248 2644 315 2723 bat,
340 2642 513 2728 Deumque
539 2663 577 2709 ac
598 2646 749 2709 sanctum
772 2664 868 2709 suum
892 2642 1106 2710 Edmundum
1130 2642 1298 2710 benedice-
1421 2654 1428 2665 '

249 2746 331 2813 bat:
363 2766 480 2813 varum
511 2746 612 2811 etiarn
646 2746 749 2811 citato
779 2746 884 2832 gradu
915 2748 1109 2835 perveniens
1138 2747 1181 2812 ad
1212 2768 1298 2825 suos,
1338 2772 1341 2777 ’

250 2853 420 2931 secretum,
452 2848 540 2936 quod
578 2848 666 2916 solus
695 2848 811 2916 multis
840 2849 1068 2916 arbitrabatur
1098 2848 1231 2938 aperire,
1256 2848 1299 2916 ab

251 2953 402 3020 omnibus
423 2953 563 3040 contigit
585 2975 660 3018 eum
680 2953 834 3041 primitus
849 2953 973 3020 audire.
1021 2953 1109 3021 Nam
1124 2975 1296 3032 rumorem,

250 3058 342 3124 cuius
360 3057 529 3123 neminem
555 3077 689 3122 suorum
710 3057 874 3122 conscium
897 3055 1093 3136 aestimabat,
1114 3057 1180 3122 iarn
1200 3077 1297 3122 nemo

250 3161 344 3229 illum
373 3159 555 3250 ignorabat.
612 3158 783 3247 Siquidem
813 3160 849 3224 in
878 3160 1049 3246 provincia
1078 3183 1152 3248 quse
1181 3161 1296 3248 lingua
1311 3171 1417 3224 ctMS.
1430 3170 1465 3231 Α,

252 3263 438 3354 Anglorum
465 3263 600 3332 Estsexe
627 3261 757 3344 dicitur,
781 3267 925 3352 aegrotus
949 3263 1082 3352 quidam
1106 3268 1201 3330 tanto
1224 3239 1433 3358 11111-ἷζῇιρηῗζιὲλ

250 3389 351 3456 guore
377 3388 546 3456 percussus
572 3366 709 3446 iacebat,
733 3371 772 3430 ut
799 3365 891 3433 nullo
918 3367 1137 3434 membrorum
1164 3387 1297 3432 suorum

252 3469 364 3550 officio,
380 3492 423 3535 ne
442 3469 564 3558 linguae
579 3469 722 3554 quidem,
738 3473 907 3536 uteretur:
932 3469 1108 3557 triduoque
1123 3470 1160 3536 in
1179 3470 1299 3558 agonia

252 3575 427 3661 protracto,
443 3573 543 3638 morti
566 3570 731 3636 finitimus
748 3571 874 3638 cunctis
897 3595 987 3659 spem
1002 3572 1083 3640 vitea
1105 3573 1299 3661 denegabat

254 3675 356 3743 Cuius
385 3697 459 3742 cum
489 3676 630 3762 quadam
661 3679 757 3742 nocte
788 3680 939 3762 parentes
969 3680 1003 3741 et
1034 3675 1135 3742 vicini
1149 3677 1300 3772 ‚circum-

253 3783 378 3846 stantes
415 3779 542 3844 exitum
580 3778 857 3866 praestolarentur,
888 3784 1080 3865 recuperata
1107 3777 1234 3844 virtute
1263 3779 1300 3842 in

202 3949 204 3954 .
253 3903 375 3950 sessum
409 3903 443 3948 se
477 3881 611 3968 erigene,
651 3902 731 3946 voce
768 3879 1012 3969 gratulabunda
1045 3881 1153 3946 dixit:
1192 3887 1210 3917 “
1227 3880 1300 3947 Hac

254 3989 350 4050 nocte
382 3987 416 4050 et
446 3983 506 4049 hae
535 3983 615 4049 bora
646 3984 750 4049 sancti
782 3981 954 4049 lldmundi
988 3968 1116 4049 lancea*
1134 3989 1299 4050 transver-

254 4087 387 4154 beratus
416 4107 475 4152 rex
498 4085 610 4152 Svein
640 4083 821 4153 occubuit.”
868 4085 966 4165 Quod
988 4107 1062 4151 cum
1093 4085 1239 4163 dixisset,
1263 4088 1301 4152 in

253 4189 375 4256 lectulo
397 4189 588 4255 recumbens
610 4189 766 4256 ultimum
789 4187 907 4254 fletum
929 4189 1045 4266 emisit,
1071 4194 1171 4276 atque
1193 4195 1300 4256 morte

255 4315 315 4360 sua
351 4293 487 4380 tyranni
520 4280 658 4358 mortem
689 4291 920 4358 indubitanter
949 4293 1159 4360 asseveravit
1219 4293 1300 4375 Quis

255 4397 358 4484 igitur
381 4417 448 4462 non
475 4395 675 4483 obstupescit
700 4395 763 4460 Dei
790 4395 976 4482 magnalial
1010 4397 1084 4482 quis
1107 4417 1175 4463 non
1199 4399 1300 4485 perti-

256 4501 371 4566 mescit
392 4499 461 4565 eius
483 4499 609 4566 occulta
633 4499 776 4566 iudicia?
821 4498 1004 4566 Euclitious
1024 4500 1087 4566 iste
1106 4502 1191 4568 mori
1209 4501 1303 4569 diffe-

257 4603 360 4684 rebat,
388 4604 542 4690 quoniam
566 4601 761 4669 Edmundus
788 4602 956 4670 nondum¹
988 4605 1174 4692 superbiam
1198 4606 1303 4672 hostis

623 4853 630 4881 ¹
642 4849 756 4918 nondum]
769 4867 820 4902 non
831 4867 897 4918 eum,
907 4853 963 4906 MS.

1147 4938 1212 5003 12
