3542 5800
458 853 523 918 166
725 867 790 916 nro.
814 865 861 912 ns
883 865 1014 916 omme.
1038 864 1126 917 srm
1151 863 1237 914 msr.

455 1054 597 1119 brarent.
657 1055 770 1119 Jaouit
807 1055 934 1118 interea
971 1057 1098 1138 martyr
1135 1052 1340 1116 beatissimus
1377 1049 1507 1136 oaespite

455 1156 624 1222 obiectiori
638 1157 822 1221 tumulatus
844 1177 946 1241 usque
970 1155 1004 1220 in
1028 1161 1176 1240 tempora
1198 1153 1360 1239 Egelwini
1384 1152 1508 1217 Dunel-

454 1260 574 1324 mensis
616 1261 774 1346 praesulis,
807 1265 842 1323 et
872 1257 978 1322 Tostii
1024 1256 1325 1322 Northumbrorum
1367 1255 1504 1330 comitis,

455 1361 513 1446 qui
542 1367 617 1448 post
649 1361 834 1426 Siwardum
872 1383 940 1424 non
977 1360 1175 1424 hereditaria
1213 1358 1418 1434 successione,
1450 1357 1507 1422 sed

454 1462 541 1549 regis
564 1463 721 1527 Edwardi
751 1465 927 1528 donatione
958 1462 1104 1526 obtinuit
1134 1461 1333 1527 comitatum.
1380 1459 1508 1525 Plaeuit

454 1565 557 1652 igitur
582 1566 716 1632 Divinae
739 1567 864 1652 pietati,
893 1565 1049 1654 praedicto
1074 1563 1227 1650 pontifice
1251 1565 1392 1638 vivente,
1417 1562 1507 1628 besti

454 1668 610 1756 martyris
646 1669 800 1753 reliquias
838 1669 873 1732 in
912 1669 1016 1732 lucem
1053 1668 1096 1731 ad
1134 1667 1236 1731 totius
1266 1665 1405 1762 eeclesiae
1435 1687 1508 1752 pro-

428 1760 593 1838 *ventum
620 1771 744 1847 efferre,
771 1777 810 1836 ut
836 1771 977 1846 lucerna,
1004 1770 1062 1834 diu
1092 1769 1153 1833 sub
1183 1768 1292 1834 modio
1319 1767 1505 1844 eonstitute,

455 1895 551 1960 super
581 1873 810 1938 eandelabrum
841 1894 974 1937 accensa
1004 1871 1208 1937 infidelitatis
1237 1871 1389 1936 tenebras
1419 1872 1507 1938 illus-

455 1979 565 2042 traret.
611 1976 693 2040 Erat
715 1982 827 2041 autern
850 1975 991 2040 {edituus
1014 1975 1148 2062 quidam
1170 1974 1334 2060 praediotae
1357 1973 1505 2050 ecelesia,

287 2189 413 2252 su„
456 2077 1213 2266 ieiuniotipuiiii&migr-iffi?
1234 2081 1353 2244 tid
1368 2097 1507 2264 ,3333ss

287 2257 431 2388 {mgis
457 2281 594 2345 devotus
606 2307 614 2361 ;
652 2282 709 2371 qui
746 2282 823 2346 lieet
856 2303 923 2345 non
961 2279 1106 2366 eorpori¹
1144 2280 1281 2346 alieuius
1318 2279 1506 2344 monasterii

289 2389 375 2453 aa
431 2361 554 2445 'ortuo
589 2382 794 2467 professione
832 2389 916 2448 sot
954 2383 1117 2458 astrictus,
1145 2382 1262 2446 habia
1293 2387 1403 2446 amen
1434 2382 1506 2446 ren-

287 2456 445 2574 fflss’iff
456 2483 562 2570 gionis
586 2483 692 2549 firerat
717 2483 902 2572 insignitus.
950 2485 1014 2550 Hic
1044 2489 1138 2548 nocte
1163 2484 1303 2568 quadam
1333 2505 1406 2548 oum
1432 2488 1506 2570 post

288 2587 379 2640 vision.
455 2591 631 2650 nocturnas
657 2585 787 2672 vigilias
817 2587 853 2650 in
882 2587 1015 2651 eeclesia
1044 2585 1190 2650 membra
1220 2585 1327 2674 sopori
1357 2585 1504 2660 dedisset,

455 2687 563 2751 astitit
578 2687 607 2750 ei
623 2687 674 2750 vir
697 2688 832 2772 quidam
855 2693 984 2754 statura
1005 2711 1157 2775 procerus
1180 2693 1215 2751 et
1237 2687 1359 2752 eoelesti
1382 2686 1506 2774 fulgore

455 2787 635 2874 pmolarus,
653 2790 710 2873 qui
724 2789 790 2853 viri
807 2812 928 2854 nomen
946 2791 1129 2876 exprimens
1148 2790 1215 2854 ait:
1243 2789 1387 2854 “Frater
1402 2789 1506 2854 Eead-

455 2889 586 2967 munde,
620 2913 680 2978 ego
719 2914 791 2957 sum
829 2914 888 2957 rex
923 2893 1083 2969 Oswinus‚
1119 2891 1176 2977 qui
1211 2892 1246 2955 in
1280 2889 1340 2957 bac
1374 2890 1505 2955 ecclesia

454 2994 543 3059 iaoeo
566 2994 717 3059 omnibus
741 2996 933 3081 incognitus.
991 2994 1133 3080 Surgens
1165 3016 1241 3080 ergo
1276 2994 1328 3057 dio
1359 2993 1505 3083 pontifici

455 3094 634 3183 Egelwino,
674 3102 713 3190 ut
756 3098 790 3161 in
829 3096 927 3160 huius
970 3097 1160 3183 pavimento
1208 3096 1343 3160 oratorii
1392 3118 1506 3182 corpus

454 3220 565 3263 meum
599 3204 735 3285 quaerat,
759 3204 795 3263 et
817 3199 991 3263 inventum
1026 3198 1195 3265 decentius
1217 3198 1312 3263 solito
1335 3198 1370 3261 in
1393 3198 1505 3263 eodem

455 3301 595 3365 oratorio
613 3323 805 3387 componere
819 3323 887 3365 non
911 3300 1071 3365 omittat.'’
1118 3300 1374 3387 Expergefaotus
1394 3300 1505 3387 itaque

455 3402 670 3467 Eadmundus
700 3410 734 3468 et
764 3404 804 3467 de
831 3403 957 3468 visione
992 3402 1175 3467 laetifieatus
1206 3425 1332 3468 summo
1363 3402 1506 3469 diluculo

454 3504 642 3591 pontificem
688 3506 780 3585 adiit,
821 3512 855 3571 et
904 3506 1020 3571 seriem
1058 3506 1193 3571 visionis
1232 3505 1282 3569 illi
1319 3511 1506 3572 reverenter

232 3610 237 3619 '
287 3619 441 3699 egelwinus,
454 3606 621 3693 expressit.
668 3607 823 3674 Pontifex
846 3612 958 3673 auteur
982 3608 1033 3671 his
1058 3608 1180 3673 auditis
1204 3607 1363 3675 ineffabili
1386 3608 1505 3698 gaudio

286 3690 417 3806 fflffigf
454 3709 639 3791 exultavit;
677 3716 712 3778 et
749 3714 922 3796 gratanter
958 3712 1000 3775 ad
1038 3710 1144 3777 locum
1174 3711 1317 3789 veniens,
1348 3712 1504 3797 populum

285 3794 429 3909 seorohoo’⁹
453 3814 596 3878 multum
639 3813 679 3879 de
728 3813 878 3899 partibus
925 3814 1058 3877 remotis
1105 3813 1226 3877 ibidem
1273 3818 1504 3899 congregatum

285 3888 599 4007 {ggff'ffl'inveniu
636 3923 670 3981 et
700 3916 742 3981 ad
771 3915 919 4003 praesulis
949 3916 1143 3981 mandatum
1173 3916 1260 3981 facta
1286 3915 1328 3981 ab
1355 3916 1505 3985 omnibus

453 4020 606 4097 oratione,
632 4018 765 4083 oratorii
789 4020 1016 4104 pavimentum
1042 4018 1151 4083 fodere
1178 4018 1378 4104 incipientes,
1400 4020 1505 4085 multo

453 4120 519 4187 diei
556 4122 661 4209 spatio
700 4120 832 4187 evoluto
870 4121 920 4185 nil
958 4120 1131 4205 quaerendo
1169 4120 1351 4207 proficiunt.
1403 4120 1504 4193 Porro

453 4224 603 4289 confisus
633 4224 827 4289 Edrnundus
858 4224 899 4287 de
930 4223 1050 4287 iniuria
1080 4223 1193 4300 saneti
1225 4228 1355 4309 aceepto
1386 4223 1503 4315 ligone,

451 4326 487 4387 in
516 4326 586 4389 loeo
615 4324 674 4389 ubi
704 4348 816 4391 omnes
845 4326 904 4393 diu
933 4324 1083 4391 foderant
1113 4326 1257 4391 animose
1286 4330 1407 4391 terram
1433 4348 1505 4411 per-

452 4426 573 4506 cussit3
605 4430 640 4491 et
665 4427 734 4491 iotu
760 4428 879 4493 iterato
911 4428 1066 4493 laminam
1093 4427 1271 4515 sepulturae
1297 4428 1442 4509 offendit,
1471 4434 1506 4495 et

651 4763 659 4795 ¹
675 4773 782 4839 corpori]
798 4788 910 4839 corpore,
923 4773 994 4833 MS,
1014 4772 1120 4839 corpori,
1133 4772 1221 4829 Maru.
1237 4774 1313 4824 West.
