3542 5800
459 919 507 970 or
528 919 644 970 enarre
666 917 789 969 arsura
810 916 993 968 moa-11.
1017 905 1067 969 66.
1210 904 1273 966 305

233 1105 355 1173 tineret
384 1107 553 1174 amicitias.
614 1106 670 1173 Ita
700 1105 784 1187 Offa,
822 1105 881 1193 qui
911 1105 1035 1171 bellicis
1072 1103 1171 1170 minis
1207 1124 1275 1169 non

232 1210 369 1289 eederet,
408 1211 452 1276 ad
499 1210 678 1276 blanditias
715 1210 894 1286 conivente,
934 1207 1116 1296 Egbrihtus
1168 1212 1274 1274 trans·
1287 1233 1422 1300 Emi„

230 1315 388 1402 navigato
416 1313 500 1380 mari
542 1313 714 1380 Franciam
751 1314 850 1379 venit
920 1310 1016 1392 Quod
1046 1311 1111 1376 Dei
1140 1310 1275 1377 oonsilio
1288 1302 1392 1356 ennea

230 1416 353 1482 factum
375 1417 532 1504 intelligo,
559 1421 599 1482 ut
621 1417 674 1483 vir
698 1416 754 1482 ille
775 1415 819 1481 ad
840 1419 972 1482 tantum
990 1435 1128 1502 regnum
1151 1414 1272 1480 electus

229 1520 387 1606 regnandi
418 1519 623 1608 disciplinam
660 1541 682 1584 a
703 1519 838 1585 Francis
868 1519 1034 1606 acciperet
1094 1515 1157 1584 Est
1186 1518 1274 1584 enim

229 1643 309 1708 gens
344 1623 402 1688 illa
438 1628 474 1688 et
496 1621 728 1688 exercitatione
747 1621 868 1688 virium
898 1627 932 1688 et
962 1621 1116 1687 comitate
1145 1643 1273 1687 mamm

229 1731 419 1791 cunctarum
450 1725 700 1792 occidentalium
725 1723 820 1790 facile
848 1725 1005 1812 princeps.
1074 1722 1149 1788 Hac
1169 1721 1274 1810 igitur

230 1830 433 1895 contumacia
469 1829 635 1917 Egbertus
668 1849 746 1894 usus
778 1833 836 1906 est,
881 1849 947 1914 qua
979 1827 1101 1892 detrita
1141 1827 1271 1893 inertiae

230 1931 380 2018 rubigine
409 1931 512 1996 aciem
540 1931 660 1996 mentis
689 1930 866 2017 expediret,
906 1933 940 1996 et
977 1951 1081 1995 mores
1118 1927 1213 2016 longe
1251 1951 1272 1996 a

229 2035 395 2120 gentilicia
423 2033 574 2101 barbarie
603 2033 725 2100 alienos
753 2031 914 2099 indueret.
975 2031 1094 2118 Itaque
1119 2032 1273 2099 defimcto

230 2135 393 2204 Brithrico
439 2136 667 2224 frequentibus
715 2157 847 2202 suorum
892 2135 1019 2201 nuntiis
1064 2134 1273 2202 Britanniam
1285 2171 1403 2224 Md

229 2261 383 2317 reversus,
424 2261 566 2326 moxque
605 2238 765 2327 imperare
798 2239 913 2318 iussus,
951 2239 1068 2327 patriae
1106 2239 1273 2304 desideriis
1286 2239 1429 2290 eueniret

229 2343 387 2408 satisfecit
443 2364 529 2408 anno
586 2342 766 2408 Dominicae
818 2341 1052 2408 incarnationis
1106 2306 1382 2431 octium-iffi,

228 2448 353 2511 tesimo.
422 2446 643 2513 confirmatus
663 2445 768 2532 igitur
793 2444 830 2510 in
852 2466 990 2532 regnum
1020 2443 1274 2513 westsaxonum
1286 2439 1422 2493 *bn-⁸⁰⁰·

230 2547 417 2636 Egbrihtus,
456 2549 544 2635 quod
573 2549 614 2615 de
650 2569 686 2613 re
722 2547 858 2614 militari
888 2548 924 2613 in
954 2547 1070 2614 Galliis
1107 2548 1273 2629 didicerat,

230 2652 297 2717 suis
320 2651 460 2718 subditis
485 2657 555 2716 tam
582 2650 729 2738 plebanis
753 2672 853 2737 quam
876 2649 988 2717 liberis
1011 2651 1143 2732 infudit,
1174 2653 1275 2720 fortes

230 2759 265 2819 et
300 2754 401 2841 agiles
438 2752 604 2820 ordinavit
639 2753 768 2832 militas,
807 2775 846 2818 ac
877 2759 1025 2841 tempore
1059 2755 1148 2840 pacis
1183 2777 1275 2821 arma

228 2857 354 2944 portari
384 2855 471 2923 fecit
532 2856 665 2923 Interea
696 2855 886 2945 ngrihtus,
918 2877 992 2925 cum
1029 2855 1203 2925 elementia
1239 2853 1359 2925 etMati

230 2960 478 3026 mansuetudine
514 2959 733 3025 subiectorum
762 2980 907 3025 amorem
937 2960 1135 3039 redemisset,
1167 2962 1274 3049 prima
1287 2922 1391 3039 pega

230 3062 351 3128 virium
374 3062 569 3129 documenta
589 3064 626 3128 in
648 3062 809 3143 Britones,
833 3062 891 3149 qui
913 3083 985 3129 eam
1006 3062 1122 3130 insulae
1146 3069 1271 3151 partem
1287 3061 1335 3106 ⁸⁰⁹
1353 3062 1401 3106 ⁰¹⁰·

228 3182 303 3252 quas
336 3165 502 3233 Oornubia
539 3166 659 3231 dieitur
694 3164 893 3244 inhabitant,
931 3164 1073 3232 viriliter
1117 3168 1271 3246 exercuit,
1285 3126 1402 3253 iffi„

230 3290 347 3355 eosque
382 3268 573 3358 subiugavit
609 3274 644 3335 et
679 3268 802 3333 dictam
832 3268 1035 3356 provinciam
1064 3290 1123 3335 suo
1154 3268 1422 3337 adiecit0⁰r1¹w⁸lt

228 3394 337 3458 regno,
360 3371 474 3437 multis
497 3370 575 3435 hinc
600 3370 677 3436 inde
702 3370 892 3437 mametis.
940 3370 1067 3451 Quibus
1091 3372 1274 3461 subiugatis

230 3475 443 3560 Aquilonales
465 3472 655 3557 Britannos,
681 3474 738 3560 qui
762 3496 783 3537 a
811 3474 976 3561 praedictis
1000 3474 1150 3541 bracchio
1175 3478 1275 3543 maris

230 3578 432 3657 dividuntur,
470 3576 663 3642 tributarios
700 3576 785 3642 fecit.
830 3577 961 3644 Deinde
998 3600 1076 3643 vero
1113 3602 1173 3645 rex
1210 3582 1276 3669 Eg·
1288 3596 1337 3647 aad
1349 3594 1442 3650 wales.

230 3680 359 3745 brihtus
415 3680 486 3745 sive
538 3679 704 3765 Egbertos
750 3702 861 3745 omnes
911 3680 1147 3749 Britannorum
1188 3684 1275 3751 'fines

229 3783 437 3869 pervagando
467 3787 643 3870 penetrans
665 3782 709 3847 ab
738 3782 902 3869 Aquilone
924 3806 1027 3871 usque
1049 3786 1085 3849 in
1107 3788 1275 3853 meridiem

228 3886 305 3972 igne
334 3886 537 3951 accumulato
567 3884 729 3971 spoliavit,
754 3890 789 3949 et
814 3908 869 3951 eos
898 3886 962 3952 sibi
984 3888 1105 3953 faciens
1134 3888 1276 3955 tribute·
1287 3934 1360 3986 will.

228 3990 294 4054 rios
331 3989 375 4053 ad
417 3987 549 4075 propria
584 3988 751 4054 remeavit.
820 3988 971 4075 Cumque
1014 4012 1073 4057 rex
1110 3990 1418 4078 EgbertusMslmerb.

229 4092 404 4179 praedictus
448 4092 586 4157 vidisset
626 4090 691 4156 sibi
740 4113 894 4178 prospera
934 4098 1051 4157 cuncta
1095 4095 1274 4175 succedere,
1288 4074 1392 4201 ῗξ·114(ζ6

229 4194 321 4259 misit
342 4193 570 4259 AEthelwlfum
591 4193 698 4258 filium
720 4216 815 4259 suum
838 4216 912 4260 cum
934 4194 1140 4262 AEthelstano
1173 4198 1273 4265 Seire-
1289 4227 1413 4291 saejuga-

229 4296 384 4362 burnensi
407 4297 555 4383 episcopo
577 4302 611 4361 et
633 4294 763 4362 consule
778 4296 937 4364 Wihardo
959 4320 1033 4363 cum
1057 4298 1160 4366 electa
1174 4324 1275 4369 manu
1287 4296 1340 4344 *³⁰¹¹
1352 4296 1382 4343 ⁰f

229 4406 448 4486 pugnatorum
471 4399 507 4463 in
539 4398 701 4475 Cantium,
736 4400 795 4486 qui
824 4422 933 4488 regem
956 4400 1156 4467 Ealdredum
1186 4406 1275 4472 ultra
1288 4361 1417 4479 lstppstepnd

229 4502 353 4567 flumen
374 4501 532 4567 Tamense
554 4502 706 4589 fugantes
726 4524 864 4590 regnum
888 4504 1024 4571 Kantiae
1053 4526 1127 4571 eum
1150 4506 1271 4574 Seuth-
1287 4510 1360 4561 Meta

228 4604 320 4669 sexis
349 4603 494 4690 Egberto
515 4604 586 4690 regi
607 4605 831 4672 subdiderunt.
899 4606 972 4691 Quo
1005 4608 1106 4674 etiam
1128 4614 1273 4699 tempore
1285 4578 1424 4698 Xessffl'ffl,

230 4705 414 4772 Orientales
449 4704 553 4793 Angli
588 4728 698 4795 regem
730 4708 912 4795 ngertum
948 4712 983 4778 in
1020 4718 1195 4799 patronum
1237 4722 1273 4783 et
1286 4727 1310 4775 r·
1323 4717 1380 4763 2⁹9·

229 4809 399 4875 dominum
444 4816 661 4897 susceperunt
730 4810 904 4880 Provincia
952 4814 1052 4881 etiam
1089 4816 1272 4887 Southreiee
1286 4790 1443 4911 {ffiffim

1003 4944 1030 4995 U
