3542 5800
415 895 463 945 nn
484 895 598 946 emme
621 896 741 946 ιιιιιιιιιι
763 896 947 946 aran-11.
965 881 1016 959 42,
1035 883 1085 946 43.
1228 877 1288 949 173

236 1082 410 1169 diligentia
431 1082 566 1160 nutrire,
590 1083 647 1168 qui
677 1104 815 1170 regnum
837 1087 933 1148 tuum
960 1081 1024 1147 tibi
1054 1081 1181 1148 auferre
1206 1103 1290 1170 prse-

235 1191 373 1249 sument.
421 1185 522 1250 Unde
544 1185 715 1249 consilium
737 1184 820 1250 utile
847 1183 910 1249 tibi
937 1185 1107 1262 crederem,
1143 1190 1202 1250 aut
1236 1205 1290 1248 cos

235 1288 272 1350 in
300 1287 517 1374 longinquum
558 1286 657 1372 dirigi
691 1286 835 1364 exilium,
871 1291 931 1351 aut
968 1285 1050 1350 mihi
1082 1285 1169 1352 tradi
1203 1285 1290 1352 sinas

236 1389 279 1453 ad
300 1388 530 1475 perdendum’'
577 1389 667 1474 Rege
692 1389 806 1474 itaque
830 1387 891 1453 hoc
915 1387 1150 1466 dissimulante,
1177 1387 1291 1454 stillo

235 1493 354 1578 saepius
371 1498 408 1557 ut
423 1491 459 1555 id
480 1492 575 1557 fieret
597 1490 786 1578 instigante,
802 1489 883 1556 dum
905 1512 964 1556 rex
987 1490 1097 1578 tepide
1112 1490 1289 1579 prohibuit,

237 1595 383 1660 audseiae
407 1595 630 1659 temeritatem
662 1599 704 1658 ut
736 1593 952 1679 perderentur
977 1593 1122 1658 insontes
1148 1593 1288 1658 induxit.
1302 1599 1416 1718 Eiram?

237 1696 327 1777 Quid
357 1696 478 1782 plural
464 1697 685 1761 lArmatur
720 1695 821 1760 turbo
858 1693 991 1762 nomine
1029 1695 1163 1762 Thuner
1200 1681 1371 1760 rabie⁰⁰¹¹⁸¹
1302 1681 1446 1784 AEgfflffl

237 1799 406 1877 diabolica,
444 1805 479 1862 et
525 1798 562 1862 in
599 1798 686 1885 regis
723 1797 874 1864 absentia
911 1798 1100 1864 innocentes
1137 1797 1346 1916 praefatosred
1302 1798 1450 1850 monuer-

237 1901 456 1988 ignominiose
471 1899 674 1987 iugulatos
663 1922 700 1965 ιιι
715 1900 792 1966 aula
815 1901 906 1988 regia
921 1899 982 1966 sub
1007 1901 1109 1987 regali
1136 1866 1435 1997 cathedragmgni,y

238 2004 428 2070 indecenter
451 2007 640 2068 sanctornm
663 2023 799 2090 corpora
813 2002 972 2088 sepelivit.
1019 2001 1163 2068 Reverso
1178 2003 1290 2088 itaque
1303 1997 1413 2048 muner.

238 2127 314 2221 rege
345 2107 551 2222 intempestae
581 2105 689 2170 noctis
721 2104 832 2190 quiete
868 2104 1020 2168 columna
1049 2104 1131 2170 lucis
1161 2105 1291 2170 ooelitus
1305 2117 1329 2168 Α
1342 2116 1457 2184 plume

238 2207 357 2272 emissa
402 2208 509 2294 regias
557 2207 644 2272 sedes
690 2205 917 2272 inaestimabili
955 2206 1105 2272 claritate
1143 2206 1289 2294 replevit
1302 2183 1445 2302 ffifffl

239 2308 347 2389 Quam
386 2308 530 2374 ministri
571 2309 612 2374 de
650 2308 737 2395 regis
775 2307 901 2372 familia
938 2307 1111 2386 intuentes,
1151 2315 1185 2374 et
1221 2331 1290 2427 prae
1302 2317 1396 2367 bodie·

238 2411 358 2476 timore
382 2412 418 2474 in
439 2417 563 2476 terram
586 2416 781 2487 corruentes,
804 2411 841 2474 in
862 2410 1041 2477 amentiam
1063 2411 1129 2477 l'ere
1145 2413 1292 2478 conversi

238 2519 324 2578 sunt.
372 2512 521 2599 Cumque
543 2535 602 2578 rer
624 2513 667 2578 ad
688 2513 871 2578 tumultum
894 2513 1073 2578 satellitum
1095 2515 1289 2602 evigilasset,

238 2622 273 2681 et
296 2637 428 2681 causam
452 2614 617 2680 turnultus
640 2615 773 2700 penitus
795 2613 984 2702 ignorasset,
1001 2617 1042 2682 de
1057 2617 1291 2683 consuetudine

238 2718 390 2794 surrexit,
421 2723 462 2783 ut
490 2718 673 2782 matutinos
702 2717 843 2782 audiret.
891 2717 936 2781 Et
965 2738 1112 2805 egressus
1143 2742 1164 2784 a
1194 2719 1290 2786 domo

238 2821 325 2884 vidit
362 2818 473 2885 orbem
503 2820 583 2884 novi
613 2818 793 2906 splendoris
830 2819 931 2884 radiis
969 2827 1198 2888 coruscantem.
1246 2821 1291 2886 Et

238 2924 426 2989 recordatus
448 2928 499 2989 est
520 2944 581 2987 rex
594 2922 636 2987 de
651 2921 915 2988 confabulatione
930 2944 1028 3009 quam
1044 2946 1119 2989 cum
1139 2924 1290 2990 ministro

239 3027 367 3091 sceleris
403 3025 573 3101 habuerat,
613 3024 654 3089 de
691 3025 867 3111 perdendis
904 3024 1021 3111 pueris.
1067 3025 1290 3091 Contristetus

240 3136 289 3194 est
313 3128 420 3205 valde,
452 3134 487 3194 et
513 3126 616 3193 ascito
642 3127 686 3192 ad
711 3148 746 3193 se
769 3126 957 3213 iniquitatis
983 3130 1124 3203 auctore,
1151 3128 1291 3213 requirit

239 3232 282 3296 ab
312 3254 351 3297 eo
380 3231 439 3295 ubi
469 3234 578 3295 essent
607 3229 738 3316 cognati
764 3229 824 3305 sui,
856 3228 914 3315 qui
947 3228 1010 3292 sibi
1040 3233 1147 3295 astare
1177 3229 1292 3295 diebus

239 3334 377 3421 singulis
406 3336 652 3407 consueverant,
683 3352 765 3418 quos
795 3331 849 3395 die
878 3330 1049 3417 praeterita
1086 3332 1149 3421 sibi
1185 3338 1293 3399 estare

239 3458 305 3501 non
328 3435 464 3499 viderat.
512 3434 561 3499 At
587 3434 642 3498 ille
669 3455 759 3498 more
783 3432 879 3519 ann
902 3432 972 3519 regi
995 3434 1200 3521 respondens,
1224 3436 1292 3502 ait:

240 3544 258 3573 “
274 3536 401 3602 Nescio.
447 3534 609 3621 Nunquid
640 3556 814 3622 pueromm
848 3556 908 3621 ego
930 3557 1003 3601 sum
1035 3536 1194 3602 custosl”
1238 3537 1293 3603 Ad

240 3662 338 3725 quem
369 3660 449 3704 rex:
476 3636 613 3702 “Serve
642 3658 793 3723 nequam,
827 3640 868 3701 tu
901 3636 982 3701 milri
1014 3660 1141 3726 semper
1174 3640 1215 3705 dc
1246 3640 1293 3705 eis

239 3742 375 3806 sinistra
404 3738 598 3827 praedicasti.
646 3737 754 3817 Unde,
787 3738 992 3824 nequissime,
1016 3744 1051 3805 tc
1074 3744 1203 3827 oportet
1235 3742 1293 3807 ubi

240 3844 307 3909 sint
351 3841 526 3908 indicare.''
584 3839 735 3927 Cumque
773 3840 914 3926 superbo
955 3841 1076 3906 mentis
1121 3844 1293 3929 supercilio

241 3946 401 4011 nefandus
424 3944 479 4009 ille
515 3949 672 4009 eventum
701 3941 750 4007 rei
782 3941 852 4028 regi
889 3942 1072 4021 indicasset,
1108 3942 1213 4009 iratus
1243 3949 1294 4010 est

240 4068 300 4112 rex
330 4044 548 4112 vehementer.
611 4043 654 4110 In
692 4066 727 4109 se
765 4065 923 4125 reversus,
967 4050 1000 4109 et
1039 4044 1142 4110 totius
1171 4045 1293 4111 crimen

241 4149 369 4236 sceleris
392 4148 428 4212 in
452 4170 487 4213 se
510 4148 620 4235 ipsum
643 4145 846 4223 refundebat,
875 4150 910 4210 et
936 4168 1034 4232 supra
1058 4146 1192 4213 modum
1218 4170 1293 4215 con·

241 4250 333 4316 fusus
359 4250 527 4315 residuum
550 4249 656 4315 noctis
682 4248 718 4313 in
741 4248 885 4313 lacrimis
910 4245 1100 4313 deducebat.
1147 4249 1293 4317 Tandem

243 4340 329 4419 οιιιιι
349 4353 418 4418 dies
448 4350 545 4417 terris
583 4350 704 4427 illuxit,
733 4348 1011 4437 archiepiscopum
1042 4349 1226 4420 Deuadedit
1260 4360 1294 4422 et

243 4460 412 4543 magnates
438 4476 520 4541 quos
551 4452 673 4519 habere
709 4452 820 4538 potuit
856 4451 1027 4517 convocari
1060 4456 1223 4543 praecepit,
1260 4462 1295 4522 et

243 4579 311 4623 rem
349 4578 409 4646 per
449 4555 599 4622 ordinem
644 4553 796 4634 referens,
843 4554 985 4639 qualiter
1023 4556 1175 4623 columna
1212 4557 1294 4623 lucis

243 4661 373 4726 coelitus
402 4681 500 4747 super
537 4661 725 4723 sanctorum
762 4677 898 4743 corpora
927 4656 1045 4723 emissa
1075 4658 1291 4727 descenderat.

246 4760 516 4849 Archiepiscopus
538 4760 631 4826 dedit
651 4757 821 4824 consilium
844 4763 884 4824 ut
908 4781 1042 4847 corpora
1070 4760 1293 4828 innocontiam
