3542 5800
466 881 532 955 278
733 898 796 949 suc
820 897 866 948 nn
888 895 1019 947 omme.
1042 897 1128 947 senc
1154 891 1238 948 mss.

481 1425 729 1492 Oonnncmo.
777 1423 892 1510 Quid¹
917 1431 1125 1524 torecanotoa
1147 1431 1177 1494 ct
1198 1425 1247 1494 sol
1269 1418 1484 1494 obsecutos

856 1527 1109 1615 siyniflccoeoit

295 1733 446 1850 hsffi
511 1729 557 1799 In
593 1730 655 1798 hoc
684 1729 840 1798 miraculo
870 1730 1044 1819 diligenter
1073 1729 1155 1797 libet
1189 1729 1311 1796 intueti
1348 1727 1511 1797 mirabilia

297 1867 387 1932 earthq
386 1866 453 1916 uake
428 1815 539 1916 Dei,
556 1835 712 1922 quoniam
733 1835 790 1922 qui
813 1835 849 1898 in
874 1837 980 1900 morte
996 1833 1224 1922 Redemptoris
1247 1831 1351 1899 nostri
1375 1855 1396 1898 a
1417 1837 1511 1898 sexta

296 1933 453 1999 mdecnpse.
465 1941 545 2006 hora
574 1961 677 2026 usque
706 1939 741 2003 in
770 1935 884 2004 horam
907 1959 1027 2002 nonam
1057 1937 1162 2003 lucem
1193 1957 1321 2002 omnem
1351 1935 1512 2024 effugavit

465 2042 539 2120 diei,
563 2041 693 2129 quando
716 2038 766 2106 sol
788 2039 979 2105 obscuratus
994 2043 1044 2104 est
1059 2043 1093 2105 et
1107 2039 1217 2104 velum
1237 2037 1351 2126 templi
1376 2039 1510 2104 scissum

465 2149 523 2223 est,
554 2143 623 2231 ipse
654 2140 824 2208 ostendere
845 2140 954 2207 voluit
983 2141 1073 2226 quod
1109 2140 1206 2206 tanta
1238 2142 1384 2208 caecitate
1414 2141 1511 2206 corda

464 2243 656 2313 Judaeorum
677 2245 909 2332 caligaverunt,
926 2245 984 2330 qui
1007 2240 1069 2309 sub
1084 2241 1203 2309 Pontio
1229 2241 1337 2310 Pilato
1361 2243 1512 2332 preside

464 2348 645 2414 Dominum
668 2348 850 2413 maiestatis
872 2345 1110 2412 crucifixerunt.
1157 2342 1336 2435 impletum
1361 2341 1511 2413 videmus

463 2456 499 2517 in
530 2467 669 2537 corpore,
694 2449 782 2536 quod
813 2449 978 2536 praecessit
1007 2449 1043 2513 in
1077 2446 1203 2537 capite:
1237 2450 1328 2538 prius
1358 2447 1393 2514 in
1426 2471 1508 2537 rege,

341 2605 345 2612 .
463 2558 576 2642 postea
589 2553 626 2617 in
647 2551 760 2617 milite.
807 2550 1008 2618 Obscuratus
1032 2558 1083 2618 est
1105 2552 1153 2619 sol
1177 2553 1213 2618 in
1228 2557 1333 2619 morte
1356 2543 1508 2618 Domini:

464 2651 695 2722 obtenebratus
726 2660 776 2720 est
805 2659 841 2719 et
870 2659 948 2720 ante
978 2659 1118 2720 mortem
1141 2653 1235 2721 servi.
1294 2645 1396 2722 Terra
1420 2659 1511 2722 mota

464 2759 565 2825 estin
579 2759 728 2844 passione
743 2755 926 2823 Salvatoiis
940 2779 948 2838 3
964 2759 1100 2823 tremuit
1122 2763 1156 2824 et
1179 2754 1250 2846 ipsa
1272 2765 1348 2824 unte
1371 2761 1510 2825 mortem

464 2859 619 2951 principis
648 2858 844 2947 temporalis.
891 2861 968 2926 Duo
1005 2859 1098 2948 signa
1131 2859 1292 2927 terribilia
1321 2879 1395 2948 qnae
1425 2861 1512 2928 inter

464 2966 606 3055 plurima
635 2968 787 3052 operatus
818 2969 868 3029 cst
892 2962 982 3029 Deus
1012 2965 1049 3028 in
1070 2966 1220 3051 passione
1252 2959 1425 3051 Unigeniti
1448 2966 1509 3045 sui,

464 3069 603 3156 legimus
633 3089 692 3154 per
724 3086 800 3131 eum
838 3060 1024 3131 declarata⁸
1053 3072 1129 3132 ante
1158 3087 1270 3133 necem
1300 3065 1389 3133 beati
1426 3068 1512 3155 regis

466 3170 685 3237 AEthelberti:
720 3174 817 3235 terrae
840 3174 950 3233 motus
972 3168 1077 3234 factus
1107 3173 1157 3234 est
1187 3174 1222 3235 et
1243 3168 1292 3235 sol
1321 3168 1511 3236 obscuratus

465 3276 524 3340 est.
584 3272 648 3338 Per
676 3276 773 3338 tense
811 3274 939 3336 motum
978 3271 1070 3336 dedit
1106 3268 1248 3359 intelligi
1279 3270 1511 3339 desolationem

465 3375 567 3462 mgni,
598 3396 672 3461 quae
710 3372 824 3439 statim
853 3370 1032 3459 subsequta
1065 3379 1115 3438 est
1151 3376 1225 3460 post
1254 3374 1512 3440 interfectionem

465 3478 555 3542 besti
588 3476 662 3553 viri,
695 3474 827 3562 quando
857 3474 899 3541 de
930 3476 1000 3541 loco
1030 3474 1222 3542 stabilitatis
1253 3498 1320 3542 suec
1351 3482 1513 3543 commota

466 3583 544 3645 suut
573 3577 671 3644 corda
700 3576 921 3642 subiectorum
950 3578 1152 3665 populorum,
1176 3597 1251 3643 cum
1278 3600 1331 3643 eos
1354 3576 1514 3667 affligeret

466 3678 575 3769 gravis
607 3677 839 3745 exterminatio
869 3680 1133 3767 persequentium
1163 3680 1381 3747 barbarorum.
1437 3680 1512 3748 Hoc

466 3786 572 3851 eidem
602 3806 702 3871 regno
731 3782 882 3848 novimus
914 3780 1072 3862 accidisse,
1096 3781 1184 3870 quod
1213 3804 1272 3871 per
1300 3806 1403 3851 annos
1425 3784 1513 3873 plus—

466 3909 566 3975 quam
586 3888 764 3975 sexaginta,
788 3906 893 3972 usque
918 3884 961 3950 ad
983 3888 1112 3972 tempus
1133 3904 1199 3973 quc
1221 3908 1356 3974 segnare
1381 3894 1514 3954 sanctus

467 3992 663 4059 Edmundus
684 3988 816 4077 incepit,
831 3990 903 4054 sine
918 3988 1049 4076 regibus
1076 3988 1227 4055 instabile
1249 4012 1309 4078 per
1323 3990 1512 4080 subregulos

466 4096 542 4162 fuit
601 4093 647 4159 Et
673 4092 787 4158 icciico
809 4090 911 4158 durus
938 4113 992 4158 eos
1016 4096 1113 4159 terrac
1135 4098 1244 4158 motus
1267 4095 1415 4180 perculit,
1432 4118 1512 4182 quo-

466 4198 558 4263 niam
584 4197 619 4261 in
648 4198 773 4262 ince1to
796 4198 1013 4282 pervagantes
1036 4200 1112 4281 post
1138 4216 1172 4261 se
1197 4192 1267 4261 sine
1296 4196 1454 4285 principio
1477 4202 1511 4265 et

466 4317 542 4385 rega
564 4299 704 4385 reliquit
762 4296 825 4363 Per
856 4296 1089 4364 obscuiitatem
1111 4318 1239 4384 quoque
1262 4300 1337 4365 solis
1368 4294 1512 4367 conicere

466 4424 638 4491 possumus
659 4402 839 4468 caecitatem
871 4401 975 4466 cordis
997 4422 1096 4486 quam
1126 4398 1203 4466 Offa
1232 4398 1268 4465 ln
1301 4422 1334 4467 se
1363 4404 1512 4492 princeps

860 4606 923 4613 .—

502 4743 594 4810 ¹quid]
607 4744 681 4809 quod,
692 4741 748 4794 MS.
1049 4738 1206 4811 ’declarem
1219 4744 1336 4809 declamt,
1347 4741 1401 4798 MS.

501 4826 511 4855 ²
517 4822 637 4891 prmide]
649 4822 771 4888 prasidio,
782 4820 839 4874 ΜΒ.
