<?xml version="1.0" encoding="UTF-8"?>
<!DOCTYPE html PUBLIC "-//W3C//DTD XHTML 1.0 Transitional//EN"
    "http://www.w3.org/TR/xhtml1/DTD/xhtml1-transitional.dtd">
<html xmlns="http://www.w3.org/1999/xhtml" xml:lang="en" lang="en">
 <head>
  <title>
</title>
<meta http-equiv="Content-Type" content="text/html;charset=utf-8" />
  <meta name='ocr-system' content='tesseract 3.04.00' />
  <meta name='ocr-capabilities' content='ocr_page ocr_carea ocr_par ocr_line ocrx_word'/>
</head>
<body>
  <div class='ocr_page' id='page_1' title='image "./speculumhistori01mayogoog_0283.png"; bbox 0 0 3542 5800; ppageno 0'>
   <div class='ocr_carea' id='block_1_1' title="bbox 467 875 1241 941">
    <p class='ocr_par' dir='ltr' id='par_1_1' title="bbox 467 875 1241 941">
     <span class='ocr_line' id='line_1_1' title="bbox 467 875 1241 941; baseline 0 -3"><span class='ocrx_word' id='word_1_1' title='bbox 467 875 532 940; x_wconf 77' lang='lat'><strong>268</strong></span> <span class='ocrx_word' id='word_1_2' title='bbox 734 885 799 938; x_wconf 79' lang='lat' dir='ltr'><strong>mn</strong></span> <span class='ocrx_word' id='word_1_3' title='bbox 821 889 869 940; x_wconf 86' lang='lat' dir='ltr'><strong>nn</strong></span> <span class='ocrx_word' id='word_1_4' title='bbox 891 889 1021 941; x_wconf 75' lang='lat' dir='ltr'><strong>emero.</strong></span> <span class='ocrx_word' id='word_1_5' title='bbox 1044 889 1132 939; x_wconf 72' lang='lat' dir='ltr'><strong>sono.</strong></span> <span class='ocrx_word' id='word_1_6' title='bbox 1156 887 1241 940; x_wconf 77' lang='lat' dir='ltr'><strong>urse.</strong></span> 
     </span>
    </p>
   </div>
   <div class='ocr_carea' id='block_1_2' title="bbox 329 1074 1511 3125">
    <p class='ocr_par' dir='ltr' id='par_1_2' title="bbox 329 1074 1511 3125">
     <span class='ocr_line' id='line_1_2' title="bbox 466 1074 1506 1164; baseline 0.001 -23"><span class='ocrx_word' id='word_1_7' title='bbox 466 1076 579 1142; x_wconf 90' lang='lat' dir='ltr'><strong>dolum</strong></span> <span class='ocrx_word' id='word_1_8' title='bbox 593 1099 669 1143; x_wconf 90' lang='lat' dir='ltr'><strong>eum</strong></span> <span class='ocrx_word' id='word_1_9' title='bbox 684 1098 811 1164; x_wconf 77' lang='lat' dir='ltr'><strong>semper</strong></span> <span class='ocrx_word' id='word_1_10' title='bbox 824 1077 974 1144; x_wconf 73' lang='lat' dir='ltr'><strong>extitisse</strong></span> <span class='ocrx_word' id='word_1_11' title='bbox 994 1075 1179 1164; x_wconf 83' lang='lat' dir='ltr'><strong>proclivem.</strong></span> <span class='ocrx_word' id='word_1_12' title='bbox 1217 1085 1237 1114; x_wconf 88' lang='lat'><strong>“</strong></span> <span class='ocrx_word' id='word_1_13' title='bbox 1251 1074 1373 1152; x_wconf 84' lang='lat' dir='ltr'><strong>Petri‚”</strong></span> <span class='ocrx_word' id='word_1_14' title='bbox 1388 1074 1506 1162; x_wconf 79' lang='lat' dir='ltr'><strong>inquit</strong></span> 
     </span>
     <span class='ocr_line' id='line_1_3' title="bbox 467 1177 1508 1266; baseline 0 -22"><span class='ocrx_word' id='word_1_15' title='bbox 467 1183 486 1213; x_wconf 90' lang='lat'>“</span> <span class='ocrx_word' id='word_1_16' title='bbox 507 1200 580 1245; x_wconf 90' lang='lat' dir='ltr'><strong>meo</strong></span> <span class='ocrx_word' id='word_1_17' title='bbox 601 1202 720 1266; x_wconf 79' lang='lat' dir='ltr'><strong>graves</strong></span> <span class='ocrx_word' id='word_1_18' title='bbox 741 1179 887 1247; x_wconf 83' lang='lat' dir='ltr'><strong>tetendit</strong></span> <span class='ocrx_word' id='word_1_19' title='bbox 912 1179 1057 1259; x_wconf 81' lang='lat' dir='ltr'><strong>insidias,</strong></span> <span class='ocrx_word' id='word_1_20' title='bbox 1087 1179 1279 1266; x_wconf 83' lang='lat' dir='ltr'><strong>fraudesque</strong></span> <span class='ocrx_word' id='word_1_21' title='bbox 1301 1179 1332 1245; x_wconf 86' lang='lat' dir='ltr'><strong>ei</strong></span> <span class='ocrx_word' id='word_1_22' title='bbox 1354 1199 1419 1244; x_wconf 87' lang='lat' dir='ltr'><strong>non</strong></span> <span class='ocrx_word' id='word_1_23' title='bbox 1443 1177 1508 1244; x_wconf 84' lang='lat' dir='ltr'><strong>dis-</strong></span> 
     </span>
     <span class='ocr_line' id='line_1_4' title="bbox 465 1279 1507 1370; baseline 0 -24"><span class='ocrx_word' id='word_1_24' title='bbox 465 1279 546 1347; x_wconf 87' lang='lat' dir='ltr'><strong>tulit</strong></span> <span class='ocrx_word' id='word_1_25' title='bbox 568 1281 679 1347; x_wconf 87' lang='lat' dir='ltr'><strong>moliri</strong></span> <span class='ocrx_word' id='word_1_26' title='bbox 701 1283 855 1349; x_wconf 75' lang='lat' dir='ltr'><strong>diversas</strong></span> <span class='ocrx_word' id='word_1_27' title='bbox 901 1282 1063 1370; x_wconf 75' lang='lat' dir='ltr'><strong>Displicet</strong></span> <span class='ocrx_word' id='word_1_28' title='bbox 1093 1304 1171 1370; x_wconf 84' lang='lat' dir='ltr'><strong>crgo</strong></span> <span class='ocrx_word' id='word_1_29' title='bbox 1200 1282 1284 1347; x_wconf 89' lang='lat' dir='ltr'><strong>mibi</strong></span> <span class='ocrx_word' id='word_1_30' title='bbox 1305 1280 1446 1369; x_wconf 84' lang='lat' dir='ltr'><strong>ignobile</strong></span> <span class='ocrx_word' id='word_1_31' title='bbox 1469 1280 1507 1346; x_wconf 92' lang='lat' dir='ltr'><strong>in</strong></span> 
     </span>
     <span class='ocr_line' id='line_1_5' title="bbox 464 1383 1507 1473; baseline -0.002 -23"><span class='ocrx_word' id='word_1_32' title='bbox 464 1385 578 1451; x_wconf 87' lang='lat' dir='ltr'><strong>codem</strong></span> <span class='ocrx_word' id='word_1_33' title='bbox 599 1407 718 1473; x_wconf 84' lang='lat' dir='ltr'><strong>genere</strong></span> <span class='ocrx_word' id='word_1_34' title='bbox 748 1387 860 1452; x_wconf 88' lang='lat' dir='ltr'><strong>sortiri</strong></span> <span class='ocrx_word' id='word_1_35' title='bbox 885 1386 1138 1453; x_wconf 89' lang='lat' dir='ltr'><strong>contubernium</strong></span> <span class='ocrx_word' id='word_1_36' title='bbox 1146 1383 1168 1465; x_wconf 89' lang='lat'><strong>¹,</strong></span> <span class='ocrx_word' id='word_1_37' title='bbox 1191 1384 1280 1472; x_wconf 89' lang='lat' dir='ltr'><strong>quod</strong></span> <span class='ocrx_word' id='word_1_38' title='bbox 1308 1385 1463 1451; x_wconf 72' lang='lat' dir='ltr'><strong>hactenus</strong></span> <span class='ocrx_word' id='word_1_39' title='bbox 1484 1406 1507 1448; x_wconf 81' lang='lat' dir='ltr'><strong>e</strong></span> 
     </span>
     <span class='ocr_line' id='line_1_6' title="bbox 463 1485 1507 1574; baseline 0 -22"><span class='ocrx_word' id='word_1_40' title='bbox 463 1488 529 1554; x_wconf 89' lang='lat' dir='ltr'><strong>fide</strong></span> <span class='ocrx_word' id='word_1_41' title='bbox 551 1494 587 1554; x_wconf 90' lang='lat' dir='ltr'><strong>et</strong></span> <span class='ocrx_word' id='word_1_42' title='bbox 607 1490 750 1556; x_wconf 78' lang='lat' dir='ltr'><strong>veritate</strong></span> <span class='ocrx_word' id='word_1_43' title='bbox 779 1489 929 1556; x_wconf 74' lang='lat' dir='ltr'><strong>extitisse</strong></span> <span class='ocrx_word' id='word_1_44' title='bbox 952 1487 1133 1555; x_wconf 81' lang='lat' dir='ltr'><strong>dinoscitur</strong></span> <span class='ocrx_word' id='word_1_45' title='bbox 1161 1488 1312 1554; x_wconf 70' lang='lat' dir='ltr'><strong>alienum</strong></span> <span class='ocrx_word' id='word_1_46' title='bbox 1359 1485 1507 1574; x_wconf 85' lang='lat' dir='ltr'><strong>ignobile</strong></span> 
     </span>
     <span class='ocr_line' id='line_1_7' title="bbox 464 1588 1507 1680; baseline -0.003 -22"><span class='ocrx_word' id='word_1_47' title='bbox 464 1591 579 1659; x_wconf 86' lang='lat' dir='ltr'><strong>iccirco</strong></span> <span class='ocrx_word' id='word_1_48' title='bbox 604 1593 717 1660; x_wconf 80' lang='lat' dir='ltr'><strong>vocari</strong></span> <span class='ocrx_word' id='word_1_49' title='bbox 739 1593 846 1671; x_wconf 88' lang='lat' dir='ltr'><strong>debet,</strong></span> <span class='ocrx_word' id='word_1_50' title='bbox 869 1592 948 1680; x_wconf 83' lang='lat' dir='ltr'><strong>quio</strong></span> <span class='ocrx_word' id='word_1_51' title='bbox 977 1590 1231 1658; x_wconf 79' lang='lat' dir='ltr'><strong>fundumentum</strong></span> <span class='ocrx_word' id='word_1_52' title='bbox 1260 1590 1383 1656; x_wconf 88' lang='lat' dir='ltr'><strong>nullius</strong></span> <span class='ocrx_word' id='word_1_53' title='bbox 1405 1588 1507 1656; x_wconf 77' lang='lat' dir='ltr'><strong>stobi-</strong></span> 
     </span>
     <span class='ocr_line' id='line_1_8' title="bbox 464 1691 1509 1783; baseline -0.003 -22"><span class='ocrx_word' id='word_1_54' title='bbox 464 1695 569 1762; x_wconf 84' lang='lat' dir='ltr'><strong>litetis</strong></span> <span class='ocrx_word' id='word_1_55' title='bbox 591 1696 700 1762; x_wconf 86' lang='lat' dir='ltr'><strong>hebet.</strong></span> <span class='ocrx_word' id='word_1_56' title='bbox 745 1695 834 1783; x_wconf 78' lang='lat' dir='ltr'><strong>Egeo</strong></span> <span class='ocrx_word' id='word_1_57' title='bbox 855 1695 913 1762; x_wconf 89' lang='lat' dir='ltr'><strong>ille</strong></span> <span class='ocrx_word' id='word_1_58' title='bbox 935 1695 1125 1783; x_wconf 82' lang='lat' dir='ltr'><strong>frequenter</strong></span> <span class='ocrx_word' id='word_1_59' title='bbox 1139 1695 1281 1782; x_wconf 79' lang='lat' dir='ltr'><strong>periurio</strong></span> <span class='ocrx_word' id='word_1_60' title='bbox 1295 1715 1372 1780; x_wconf 83' lang='lat' dir='ltr'><strong>erge</strong></span> <span class='ocrx_word' id='word_1_61' title='bbox 1393 1691 1509 1780; x_wconf 84' lang='lat' dir='ltr'><strong>benig·</strong></span> 
     </span>
     <span class='ocr_line' id='line_1_9' title="bbox 464 1794 1507 1888; baseline -0.004 -23"><span class='ocrx_word' id='word_1_62' title='bbox 464 1799 604 1865; x_wconf 70' lang='lat' dir='ltr'><strong>nitatem</strong></span> <span class='ocrx_word' id='word_1_63' title='bbox 626 1799 694 1866; x_wconf 88' lang='lat' dir='ltr'><strong>mei</strong></span> <span class='ocrx_word' id='word_1_64' title='bbox 715 1800 820 1888; x_wconf 80' lang='lat' dir='ltr'><strong>petris</strong></span> <span class='ocrx_word' id='word_1_65' title='bbox 833 1799 982 1880; x_wconf 83' lang='lat' dir='ltr'><strong>incurrit,</strong></span> <span class='ocrx_word' id='word_1_66' title='bbox 1000 1799 1077 1884; x_wconf 83' lang='lat' dir='ltr'><strong>quie</strong></span> <span class='ocrx_word' id='word_1_67' title='bbox 1098 1797 1326 1864; x_wconf 86' lang='lat' dir='ltr'><strong>formidolosus</strong></span> <span class='ocrx_word' id='word_1_68' title='bbox 1347 1800 1384 1862; x_wconf 89' lang='lat' dir='ltr'><strong>et</strong></span> <span class='ocrx_word' id='word_1_69' title='bbox 1403 1794 1507 1864; x_wconf 85' lang='lat' dir='ltr'><strong>totius</strong></span> 
     </span>
     <span class='ocr_line' id='line_1_10' title="bbox 463 1898 1506 1990; baseline -0.004 -22"><span class='ocrx_word' id='word_1_70' title='bbox 463 1903 622 1988; x_wconf 76' lang='lat' dir='ltr'><strong>nequitiae</strong></span> <span class='ocrx_word' id='word_1_71' title='bbox 644 1902 767 1968; x_wconf 69' lang='lat' dir='ltr'><strong>artifex</strong></span> <span class='ocrx_word' id='word_1_72' title='bbox 788 1902 861 1980; x_wconf 85' lang='lat' dir='ltr'><strong>fuit,</strong></span> <span class='ocrx_word' id='word_1_73' title='bbox 884 1902 1132 1990; x_wconf 84' lang='lat' dir='ltr'><strong>genitoremque</strong></span> <span class='ocrx_word' id='word_1_74' title='bbox 1161 1922 1271 1966; x_wconf 90' lang='lat' dir='ltr'><strong>meum</strong></span> <span class='ocrx_word' id='word_1_75' title='bbox 1292 1905 1364 1967; x_wconf 89' lang='lat' dir='ltr'><strong>toto</strong></span> <span class='ocrx_word' id='word_1_76' title='bbox 1386 1898 1506 1966; x_wconf 85' lang='lat' dir='ltr'><strong>mentis</strong></span> 
     </span>
     <span class='ocr_line' id='line_1_11' title="bbox 464 2003 1508 2091; baseline -0.003 -18"><span class='ocrx_word' id='word_1_77' title='bbox 464 2006 624 2073; x_wconf 77' lang='lat' dir='ltr'><strong>desiderio</strong></span> <span class='ocrx_word' id='word_1_78' title='bbox 646 2011 681 2072; x_wconf 87' lang='lat' dir='ltr'><strong>et</strong></span> <span class='ocrx_word' id='word_1_79' title='bbox 702 2005 876 2084; x_wconf 85' lang='lat' dir='ltr'><strong>fefellisset,</strong></span> <span class='ocrx_word' id='word_1_80' title='bbox 893 2005 922 2071; x_wconf 90' lang='lat' dir='ltr'><strong>si</strong></span> <span class='ocrx_word' id='word_1_81' title='bbox 944 2027 1019 2070; x_wconf 91' lang='lat' dir='ltr'><strong>eum</strong></span> <span class='ocrx_word' id='word_1_82' title='bbox 1042 2026 1173 2090; x_wconf 91' lang='lat' dir='ltr'><strong>quoquo</strong></span> <span class='ocrx_word' id='word_1_83' title='bbox 1195 2003 1389 2091; x_wconf 90' lang='lat' dir='ltr'><strong>proditionis</strong></span> <span class='ocrx_word' id='word_1_84' title='bbox 1410 2003 1508 2070; x_wconf 90' lang='lat' dir='ltr'><strong>modo</strong></span> 
     </span>
     <span class='ocr_line' id='line_1_12' title="bbox 464 2106 1506 2196; baseline -0.004 -20"><span class='ocrx_word' id='word_1_85' title='bbox 464 2111 550 2176; x_wconf 79' lang='lat' dir='ltr'><strong>mele</strong></span> <span class='ocrx_word' id='word_1_86' title='bbox 564 2110 677 2176; x_wconf 78' lang='lat' dir='ltr'><strong>fellere</strong></span> <span class='ocrx_word' id='word_1_87' title='bbox 692 2109 862 2196; x_wconf 86' lang='lat' dir='ltr'><strong>potuisset.</strong></span> <span class='ocrx_word' id='word_1_88' title='bbox 901 2106 967 2174; x_wconf 86' lang='lat' dir='ltr'><strong>Sed</strong></span> <span class='ocrx_word' id='word_1_89' title='bbox 989 2107 1215 2174; x_wconf 87' lang='lat' dir='ltr'><strong>universorum</strong></span> <span class='ocrx_word' id='word_1_90' title='bbox 1233 2107 1391 2174; x_wconf 85' lang='lat' dir='ltr'><strong>Conditor</strong></span> <span class='ocrx_word' id='word_1_91' title='bbox 1406 2106 1506 2182; x_wconf 85' lang='lat' dir='ltr'><strong>Deus,</strong></span> 
     </span>
     <span class='ocr_line' id='line_1_13' title="bbox 464 2210 1508 2300; baseline -0.003 -22"><span class='ocrx_word' id='word_1_92' title='bbox 464 2214 501 2278; x_wconf 94' lang='lat' dir='ltr'><strong>in</strong></span> <span class='ocrx_word' id='word_1_93' title='bbox 522 2235 619 2300; x_wconf 87' lang='lat' dir='ltr'><strong>quem</strong></span> <span class='ocrx_word' id='word_1_94' title='bbox 641 2212 728 2279; x_wconf 93' lang='lat' dir='ltr'><strong>bono</strong></span> <span class='ocrx_word' id='word_1_95' title='bbox 749 2212 860 2279; x_wconf 78' lang='lat' dir='ltr'><strong>enimc</strong></span> <span class='ocrx_word' id='word_1_96' title='bbox 883 2210 1076 2278; x_wconf 89' lang='lat' dir='ltr'><strong>confidimus</strong></span> <span class='ocrx_word' id='word_1_97' title='bbox 1099 2217 1133 2277; x_wconf 90' lang='lat' dir='ltr'><strong>et</strong></span> <span class='ocrx_word' id='word_1_98' title='bbox 1155 2233 1329 2298; x_wconf 83' lang='lat' dir='ltr'><strong>speremus,</strong></span> <span class='ocrx_word' id='word_1_99' title='bbox 1353 2232 1392 2276; x_wconf 85' lang='lat' dir='ltr'><strong>ee</strong></span> <span class='ocrx_word' id='word_1_100' title='bbox 1413 2210 1508 2276; x_wconf 90' lang='lat' dir='ltr'><strong>nobis</strong></span> 
     </span>
     <span class='ocr_line' id='line_1_14' title="bbox 464 2313 1508 2404; baseline -0.006 -20"><span class='ocrx_word' id='word_1_101' title='bbox 464 2317 647 2404; x_wconf 73' lang='lat' dir='ltr'><strong>praevideat</strong></span> <span class='ocrx_word' id='word_1_102' title='bbox 668 2338 743 2404; x_wconf 85' lang='lat' dir='ltr'><strong>quae</strong></span> <span class='ocrx_word' id='word_1_103' title='bbox 765 2316 828 2381; x_wconf 91' lang='lat' dir='ltr'><strong>sibi</strong></span> <span class='ocrx_word' id='word_1_104' title='bbox 850 2337 918 2382; x_wconf 90' lang='lat' dir='ltr'><strong>non</strong></span> <span class='ocrx_word' id='word_1_105' title='bbox 933 2315 1131 2402; x_wconf 78' lang='lat' dir='ltr'><strong>displiceant,</strong></span> <span class='ocrx_word' id='word_1_106' title='bbox 1154 2318 1194 2379; x_wconf 91' lang='lat' dir='ltr'><strong>ut</strong></span> <span class='ocrx_word' id='word_1_107' title='bbox 1208 2335 1266 2400; x_wconf 90' lang='lat' dir='ltr'><strong>per</strong></span> <span class='ocrx_word' id='word_1_108' title='bbox 1280 2314 1351 2380; x_wconf 90' lang='lat' dir='ltr'><strong>eius</strong></span> <span class='ocrx_word' id='word_1_109' title='bbox 1365 2313 1508 2401; x_wconf 81' lang='lat' dir='ltr'><strong>gretiam</strong></span> 
     </span>
     <span class='ocr_line' id='line_1_15' title="bbox 464 2417 1508 2508; baseline -0.003 -22"><span class='ocrx_word' id='word_1_110' title='bbox 464 2441 667 2506; x_wconf 83' lang='lat' dir='ltr'><strong>quaecunque</strong></span> <span class='ocrx_word' id='word_1_111' title='bbox 688 2420 816 2508; x_wconf 80' lang='lat' dir='ltr'><strong>egendo</strong></span> <span class='ocrx_word' id='word_1_112' title='bbox 836 2418 965 2484; x_wconf 85' lang='lat' dir='ltr'><strong>utiliter</strong></span> <span class='ocrx_word' id='word_1_113' title='bbox 986 2439 1132 2505; x_wconf 81' lang='lat' dir='ltr'><strong>agemus,</strong></span> <span class='ocrx_word' id='word_1_114' title='bbox 1163 2422 1197 2482; x_wconf 89' lang='lat' dir='ltr'><strong>et</strong></span> <span class='ocrx_word' id='word_1_115' title='bbox 1219 2417 1369 2484; x_wconf 85' lang='lat' dir='ltr'><strong>viventes</strong></span> <span class='ocrx_word' id='word_1_116' title='bbox 1391 2417 1429 2482; x_wconf 92' lang='lat' dir='ltr'><strong>in</strong></span> <span class='ocrx_word' id='word_1_117' title='bbox 1450 2417 1508 2483; x_wconf 93' lang='lat' dir='ltr'><strong>illo</strong></span> 
     </span>
     <span class='ocr_line' id='line_1_16' title="bbox 464 2519 1507 2606; baseline -0.004 -18"><span class='ocrx_word' id='word_1_118' title='bbox 464 2523 534 2590; x_wconf 87' lang='lat' dir='ltr'><strong>sive</strong></span> <span class='ocrx_word' id='word_1_119' title='bbox 555 2522 733 2588; x_wconf 87' lang='lat' dir='ltr'><strong>morientes</strong></span> <span class='ocrx_word' id='word_1_120' title='bbox 754 2521 824 2588; x_wconf 89' lang='lat' dir='ltr'><strong>eius</strong></span> <span class='ocrx_word' id='word_1_121' title='bbox 845 2521 1052 2588; x_wconf 74' lang='lat' dir='ltr'><strong>voluntatem</strong></span> <span class='ocrx_word' id='word_1_122' title='bbox 1074 2519 1111 2584; x_wconf 93' lang='lat' dir='ltr'><strong>in</strong></span> <span class='ocrx_word' id='word_1_123' title='bbox 1133 2519 1284 2585; x_wconf 88' lang='lat' dir='ltr'><strong>omnibus</strong></span> <span class='ocrx_word' id='word_1_124' title='bbox 1306 2519 1507 2606; x_wconf 79' lang='lat' dir='ltr'><strong>impleamus</strong></span> 
     </span>
     <span class='ocr_line' id='line_1_17' title="bbox 464 2621 1507 2711; baseline -0.002 -21"><span class='ocrx_word' id='word_1_125' title='bbox 464 2625 510 2690; x_wconf 87' lang='lat' dir='ltr'><strong>Et</strong></span> <span class='ocrx_word' id='word_1_126' title='bbox 524 2646 584 2691; x_wconf 85' lang='lat' dir='ltr'><strong>vos</strong></span> <span class='ocrx_word' id='word_1_127' title='bbox 605 2625 663 2710; x_wconf 90' lang='lat' dir='ltr'><strong>qui</strong></span> <span class='ocrx_word' id='word_1_128' title='bbox 685 2624 791 2690; x_wconf 87' lang='lat' dir='ltr'><strong>vicem</strong></span> <span class='ocrx_word' id='word_1_129' title='bbox 814 2646 921 2691; x_wconf 82' lang='lat' dir='ltr'><strong>meam</strong></span> <span class='ocrx_word' id='word_1_130' title='bbox 943 2623 979 2688; x_wconf 93' lang='lat' dir='ltr'><strong>in</strong></span> <span class='ocrx_word' id='word_1_131' title='bbox 994 2622 1193 2711; x_wconf 82' lang='lat' dir='ltr'><strong>profectibus</strong></span> <span class='ocrx_word' id='word_1_132' title='bbox 1207 2621 1371 2688; x_wconf 84' lang='lat' dir='ltr'><strong>universis</strong></span> <span class='ocrx_word' id='word_1_133' title='bbox 1385 2621 1507 2700; x_wconf 80' lang='lat' dir='ltr'><strong>efferre,</strong></span> 
     </span>
     <span class='ocr_line' id='line_1_18' title="bbox 465 2724 1509 2814; baseline 0 -22"><span class='ocrx_word' id='word_1_134' title='bbox 465 2727 523 2814; x_wconf 89' lang='lat' dir='ltr'><strong>qui</strong></span> <span class='ocrx_word' id='word_1_135' title='bbox 545 2726 672 2793; x_wconf 75' lang='lat' dir='ltr'><strong>actibus</strong></span> <span class='ocrx_word' id='word_1_136' title='bbox 694 2732 729 2792; x_wconf 89' lang='lat' dir='ltr'><strong>et</strong></span> <span class='ocrx_word' id='word_1_137' title='bbox 750 2727 825 2793; x_wconf 88' lang='lat' dir='ltr'><strong>usui</strong></span> <span class='ocrx_word' id='word_1_138' title='bbox 855 2726 987 2792; x_wconf 87' lang='lat' dir='ltr'><strong>honoris</strong></span> <span class='ocrx_word' id='word_1_139' title='bbox 1009 2726 1075 2792; x_wconf 90' lang='lat' dir='ltr'><strong>mei</strong></span> <span class='ocrx_word' id='word_1_140' title='bbox 1096 2725 1254 2792; x_wconf 88' lang='lat' dir='ltr'><strong>inservire</strong></span> <span class='ocrx_word' id='word_1_141' title='bbox 1276 2724 1389 2792; x_wconf 79' lang='lat' dir='ltr'><strong>debite</strong></span> <span class='ocrx_word' id='word_1_142' title='bbox 1410 2747 1509 2792; x_wconf 89' lang='lat' dir='ltr'><strong>vene·</strong></span> 
     </span>
     <span class='ocr_line' id='line_1_19' title="bbox 465 2828 1509 2911; baseline 0 -17"><span class='ocrx_word' id='word_1_143' title='bbox 465 2829 593 2896; x_wconf 82' lang='lat' dir='ltr'><strong>ratione</strong></span> <span class='ocrx_word' id='word_1_144' title='bbox 614 2829 814 2911; x_wconf 80' lang='lat' dir='ltr'><strong>indicemini,</strong></span> <span class='ocrx_word' id='word_1_145' title='bbox 838 2829 1003 2896; x_wconf 83' lang='lat' dir='ltr'><strong>memoriae</strong></span> <span class='ocrx_word' id='word_1_146' title='bbox 1025 2834 1144 2895; x_wconf 86' lang='lat' dir='ltr'><strong>vestrae</strong></span> <span class='ocrx_word' id='word_1_147' title='bbox 1173 2828 1427 2894; x_wconf 75' lang='lat' dir='ltr'><strong>recordationem</strong></span> <span class='ocrx_word' id='word_1_148' title='bbox 1449 2828 1509 2894; x_wconf 91' lang='lat' dir='ltr'><strong>ubi</strong></span> 
     </span>
     <span class='ocr_line' id='line_1_20' title="bbox 465 2932 1511 3022; baseline -0.003 -22"><span class='ocrx_word' id='word_1_149' title='bbox 465 2934 525 3000; x_wconf 91' lang='lat' dir='ltr'><strong>ubi</strong></span> <span class='ocrx_word' id='word_1_150' title='bbox 547 2934 778 3022; x_wconf 89' lang='lat' dir='ltr'><strong>circumspecte</strong></span> <span class='ocrx_word' id='word_1_151' title='bbox 802 2932 945 3020; x_wconf 78' lang='lat' dir='ltr'><strong>dirigite,</strong></span> <span class='ocrx_word' id='word_1_152' title='bbox 969 2938 1004 2998; x_wconf 84' lang='lat' dir='ltr'><strong>et</strong></span> <span class='ocrx_word' id='word_1_153' title='bbox 1026 2936 1197 3019; x_wconf 79' lang='lat' dir='ltr'><strong>postquem</strong></span> <span class='ocrx_word' id='word_1_154' title='bbox 1219 2932 1406 2997; x_wconf 87' lang='lat' dir='ltr'><strong>huiusmodi</strong></span> <span class='ocrx_word' id='word_1_155' title='bbox 1428 2951 1511 3018; x_wconf 88' lang='lat' dir='ltr'><strong>opus</strong></span> 
     </span>
     <span class='ocr_line' id='line_1_21' title="bbox 329 3033 1509 3125; baseline -0.001 -22"><span class='ocrx_word' id='word_1_156' title='bbox 329 3069 339 3084; x_wconf 84' lang='lat'><strong>·</strong></span> <span class='ocrx_word' id='word_1_157' title='bbox 465 3037 661 3125; x_wconf 84' lang='lat' dir='ltr'><strong>requisitum</strong></span> <span class='ocrx_word' id='word_1_158' title='bbox 691 3035 733 3103; x_wconf 88' lang='lat' dir='ltr'><strong>iri</strong></span> <span class='ocrx_word' id='word_1_159' title='bbox 763 3034 925 3113; x_wconf 85' lang='lat' dir='ltr'><strong>condecet,</strong></span> <span class='ocrx_word' id='word_1_160' title='bbox 962 3034 1064 3101; x_wconf 85' lang='lat' dir='ltr'><strong>vestri</strong></span> <span class='ocrx_word' id='word_1_161' title='bbox 1096 3034 1177 3101; x_wconf 88' lang='lat' dir='ltr'><strong>mibi</strong></span> <span class='ocrx_word' id='word_1_162' title='bbox 1214 3033 1347 3111; x_wconf 85' lang='lat' dir='ltr'><strong>consilii</strong></span> <span class='ocrx_word' id='word_1_163' title='bbox 1377 3056 1509 3123; x_wconf 81' lang='lat' dir='ltr'><strong>operum</strong></span> 
     </span>
    </p>
   </div>
   <div class='ocr_carea' id='block_1_3' title="bbox 466 3496 1515 3690">
    <p class='ocr_par' dir='ltr' id='par_1_3' title="bbox 466 3496 1515 3690">
     <span class='ocr_line' id='line_1_22' title="bbox 466 3496 1515 3591; baseline 0.001 -23"><span class='ocrx_word' id='word_1_164' title='bbox 466 3499 715 3568; x_wconf 76' lang='lat' dir='ltr'><strong>Commusmo.</strong></span> <span class='ocrx_word' id='word_1_165' title='bbox 755 3496 855 3583; x_wconf 79' lang='lat' dir='ltr'><strong>Quod</strong></span> <span class='ocrx_word' id='word_1_166' title='bbox 869 3498 1014 3565; x_wconf 73' lang='lat' dir='ltr'><strong>emollio</strong></span> <span class='ocrx_word' id='word_1_167' title='bbox 1025 3498 1176 3566; x_wconf 78' lang='lat' dir='ltr'><strong>oswaldi</strong></span> <span class='ocrx_word' id='word_1_168' title='bbox 1191 3496 1346 3587; x_wconf 63' lang='lat' dir='ltr'><strong>depono</strong></span> <span class='ocrx_word' id='word_1_169' title='bbox 1360 3506 1515 3591; x_wconf 79' lang='lat' dir='ltr'><strong>appetere</strong></span> 
     </span>
     <span class='ocr_line' id='line_1_23' title="bbox 794 3600 1189 3690; baseline 0 -21"><span class='ocrx_word' id='word_1_170' title='bbox 794 3600 917 3689; x_wconf 80' lang='lat' dir='ltr'><strong>filium</strong></span> <span class='ocrx_word' id='word_1_171' title='bbox 934 3600 1013 3689; x_wconf 80' lang='lat' dir='ltr'><strong>Offoe</strong></span> <span class='ocrx_word' id='word_1_172' title='bbox 1035 3600 1189 3690; x_wconf 72' lang='lat' dir='ltr'><strong>tpraooc&#39;.</strong></span> 
     </span>
    </p>
   </div>
   <div class='ocr_carea' id='block_1_4' title="bbox 297 3815 1515 4110">
    <p class='ocr_par' dir='ltr' id='par_1_4' title="bbox 297 3815 1515 4110">
     <span class='ocr_line' id='line_1_24' title="bbox 297 3815 1515 3904; baseline -0.001 -20"><span class='ocrx_word' id='word_1_173' title='bbox 297 3838 440 3893; x_wconf 79' lang='lat' dir='ltr'><strong>AErhelbert</strong></span> <span class='ocrx_word' id='word_1_174' title='bbox 515 3817 572 3883; x_wconf 85' lang='lat' dir='ltr'><strong>AD</strong></span> <span class='ocrx_word' id='word_1_175' title='bbox 602 3816 671 3883; x_wconf 85' lang='lat' dir='ltr'><strong>baec</strong></span> <span class='ocrx_word' id='word_1_176' title='bbox 702 3816 885 3896; x_wconf 79' lang='lat' dir='ltr'><strong>Osweldus‚</strong></span> <span class='ocrx_word' id='word_1_177' title='bbox 916 3815 1092 3883; x_wconf 65' lang='lat' dir='ltr'><strong>consumis</strong></span> <span class='ocrx_word' id='word_1_178' title='bbox 1129 3816 1287 3904; x_wconf 69' lang='lat' dir='ltr'><strong>potentiue</strong></span> <span class='ocrx_word' id='word_1_179' title='bbox 1324 3817 1376 3883; x_wconf 87' lang='lat' dir='ltr'><strong>vir</strong></span> <span class='ocrx_word' id='word_1_180' title='bbox 1412 3816 1515 3883; x_wconf 92' lang='lat' dir='ltr'><strong>hono-</strong></span> 
     </span>
     <span class='ocr_line' id='line_1_25' title="bbox 298 3907 1515 4026; baseline 0 -37"><span class='ocrx_word' id='word_1_181' title='bbox 298 3907 448 4026; x_wconf 50' lang='lat' dir='ltr'><strong>},ffl&#39;jffig</strong></span> <span class='ocrx_word' id='word_1_182' title='bbox 468 3923 599 3999; x_wconf 84' lang='lat' dir='ltr'><strong>roudus,</strong></span> <span class='ocrx_word' id='word_1_183' title='bbox 615 3918 674 4008; x_wconf 89' lang='lat' dir='ltr'><strong>qui</strong></span> <span class='ocrx_word' id='word_1_184' title='bbox 696 3925 730 3986; x_wconf 91' lang='lat' dir='ltr'><strong>et</strong></span> <span class='ocrx_word' id='word_1_185' title='bbox 752 3919 838 4006; x_wconf 86' lang='lat' dir='ltr'><strong>regis</strong></span> <span class='ocrx_word' id='word_1_186' title='bbox 860 3942 881 3983; x_wconf 84' lang='lat' dir='ltr'><strong>e</strong></span> <span class='ocrx_word' id='word_1_187' title='bbox 903 3918 1034 3985; x_wconf 87' lang='lat' dir='ltr'><strong>secretis</strong></span> <span class='ocrx_word' id='word_1_188' title='bbox 1057 3920 1225 3985; x_wconf 77' lang='lat' dir='ltr'><strong>familiaris</strong></span> <span class='ocrx_word' id='word_1_189' title='bbox 1247 3925 1326 3999; x_wconf 86' lang='lat' dir='ltr'><strong>eret,</strong></span> <span class='ocrx_word' id='word_1_190' title='bbox 1343 3926 1378 3987; x_wconf 87' lang='lat' dir='ltr'><strong>et</strong></span> <span class='ocrx_word' id='word_1_191' title='bbox 1400 3921 1430 3985; x_wconf 89' lang='lat' dir='ltr'><strong>ei</strong></span> <span class='ocrx_word' id='word_1_192' title='bbox 1448 3922 1515 3989; x_wconf 86' lang='lat' dir='ltr'><strong>fide</strong></span> 
     </span>
     <span class='ocr_line' id='line_1_26' title="bbox 297 4020 1514 4110; baseline -0.002 -19"><span class='ocrx_word' id='word_1_193' title='bbox 297 4042 405 4091; x_wconf 72' lang='lat' dir='ltr'><strong>demand</strong></span> <span class='ocrx_word' id='word_1_194' title='bbox 413 4042 457 4093; x_wconf 79' lang='lat' dir='ltr'><strong>the</strong></span> <span class='ocrx_word' id='word_1_195' title='bbox 468 4026 555 4092; x_wconf 84' lang='lat' dir='ltr'><strong>bone</strong></span> <span class='ocrx_word' id='word_1_196' title='bbox 591 4024 758 4091; x_wconf 87' lang='lat' dir='ltr'><strong>consulere</strong></span> <span class='ocrx_word' id='word_1_197' title='bbox 789 4022 923 4099; x_wconf 81' lang='lat' dir='ltr'><strong>solebat,</strong></span> <span class='ocrx_word' id='word_1_198' title='bbox 972 4030 990 4057; x_wconf 91' lang='lat'><strong>“</strong></span> <span class='ocrx_word' id='word_1_199' title='bbox 1004 4020 1210 4109; x_wconf 83' lang='lat' dir='ltr'><strong>Applica1·e,&#39;’</strong></span> <span class='ocrx_word' id='word_1_200' title='bbox 1255 4022 1372 4110; x_wconf 91' lang='lat' dir='ltr'><strong>inquit,</strong></span> <span class='ocrx_word' id='word_1_201' title='bbox 1421 4030 1514 4089; x_wconf 88' lang='lat' dir='ltr'><strong>“rex</strong></span> 
     </span>
    </p>
   </div>
   <div class='ocr_carea' id='block_1_5' title="bbox 297 4108 1516 4418">
    <p class='ocr_par' dir='ltr' id='par_1_5' title="bbox 297 4108 1516 4418">
     <span class='ocr_line' id='line_1_27' title="bbox 299 4108 1516 4223; baseline -0.004 -27"><span class='ocrx_word' id='word_1_202' title='bbox 299 4108 411 4223; x_wconf 52' lang='lat' dir='ltr'><strong>gfff</strong></span> <span class='ocrx_word' id='word_1_203' title='bbox 468 4129 617 4216; x_wconf 84' lang='lat' dir='ltr'><strong>gloriose,</strong></span> <span class='ocrx_word' id='word_1_204' title='bbox 632 4126 782 4193; x_wconf 83' lang='lat' dir='ltr'><strong>animum</strong></span> <span class='ocrx_word' id='word_1_205' title='bbox 803 4130 898 4192; x_wconf 87' lang='lat' dir='ltr'><strong>tuum</strong></span> <span class='ocrx_word' id='word_1_206' title='bbox 923 4146 964 4190; x_wconf 88' lang='lat' dir='ltr'><strong>ne</strong></span> <span class='ocrx_word' id='word_1_207' title='bbox 988 4124 1126 4203; x_wconf 84' lang='lat' dir='ltr'><strong>differes,</strong></span> <span class='ocrx_word' id='word_1_208' title='bbox 1150 4126 1232 4212; x_wconf 90' lang='lat' dir='ltr'><strong>quin</strong></span> <span class='ocrx_word' id='word_1_209' title='bbox 1254 4124 1402 4191; x_wconf 75' lang='lat' dir='ltr'><strong>affinium</strong></span> <span class='ocrx_word' id='word_1_210' title='bbox 1424 4126 1516 4213; x_wconf 87' lang='lat' dir='ltr'><strong>prin-</strong></span> 
     </span>
     <span class='ocr_line' id='line_1_28' title="bbox 297 4226 1516 4316; baseline 0.002 -27"><span class='ocrx_word' id='word_1_211' title='bbox 297 4239 428 4305; x_wconf 74' lang='lat' dir='ltr'><strong>daughter.</strong></span> <span class='ocrx_word' id='word_1_212' title='bbox 468 4232 577 4316; x_wconf 91' lang='lat' dir='ltr'><strong>cipum</strong></span> <span class='ocrx_word' id='word_1_213' title='bbox 600 4230 736 4295; x_wconf 83' lang='lat' dir='ltr'><strong>divitias</strong></span> <span class='ocrx_word' id='word_1_214' title='bbox 758 4226 970 4316; x_wconf 87' lang='lat' dir='ltr'><strong>perscruteris</strong></span> <span class='ocrx_word' id='word_1_215' title='bbox 992 4226 1184 4307; x_wconf 84' lang='lat' dir='ltr'><strong>universes;</strong></span> <span class='ocrx_word' id='word_1_216' title='bbox 1216 4232 1251 4294; x_wconf 91' lang='lat' dir='ltr'><strong>et</strong></span> <span class='ocrx_word' id='word_1_217' title='bbox 1274 4228 1301 4293; x_wconf 91' lang='lat' dir='ltr'><strong>si</strong></span> <span class='ocrx_word' id='word_1_218' title='bbox 1323 4227 1516 4313; x_wconf 77' lang='lat' dir='ltr'><strong>cuiusquam</strong></span> 
     </span>
     <span class='ocr_line' id='line_1_29' title="bbox 467 4329 1516 4418; baseline -0.002 -22"><span class='ocrx_word' id='word_1_219' title='bbox 467 4331 531 4396; x_wconf 90' lang='lat' dir='ltr'><strong>tibi</strong></span> <span class='ocrx_word' id='word_1_220' title='bbox 553 4330 644 4418; x_wconf 76' lang='lat' dir='ltr'><strong>regie</strong></span> <span class='ocrx_word' id='word_1_221' title='bbox 669 4329 775 4417; x_wconf 89' lang='lat' dir='ltr'><strong>proles</strong></span> <span class='ocrx_word' id='word_1_222' title='bbox 807 4334 877 4395; x_wconf 82' lang='lat' dir='ltr'><strong>tarn</strong></span> <span class='ocrx_word' id='word_1_223' title='bbox 908 4332 1007 4395; x_wconf 73' lang='lat' dir='ltr'><strong>eure</strong></span> <span class='ocrx_word' id='word_1_224' title='bbox 1037 4351 1146 4395; x_wconf 84' lang='lat' dir='ltr'><strong>coaeve</strong></span> <span class='ocrx_word' id='word_1_225' title='bbox 1168 4350 1266 4416; x_wconf 84' lang='lat' dir='ltr'><strong>quum</strong></span> <span class='ocrx_word' id='word_1_226' title='bbox 1297 4330 1369 4417; x_wconf 84' lang='lat' dir='ltr'><strong>peri</strong></span> <span class='ocrx_word' id='word_1_227' title='bbox 1397 4330 1516 4395; x_wconf 88' lang='lat' dir='ltr'><strong>iuven·</strong></span> 
     </span>
    </p>
   </div>
   <div class='ocr_carea' id='block_1_6' title="bbox 467 4430 1515 4520">
    <p class='ocr_par' dir='ltr' id='par_1_6' title="bbox 467 4430 1515 4520">
     <span class='ocr_line' id='line_1_30' title="bbox 467 4430 1515 4520; baseline 0 -23"><span class='ocrx_word' id='word_1_228' title='bbox 467 4431 552 4498; x_wconf 82' lang='lat' dir='ltr'><strong>tutis</strong></span> <span class='ocrx_word' id='word_1_229' title='bbox 596 4431 760 4519; x_wconf 83' lang='lat' dir='ltr'><strong>eleguntie</strong></span> <span class='ocrx_word' id='word_1_230' title='bbox 802 4438 843 4497; x_wconf 91' lang='lat' dir='ltr'><strong>ut</strong></span> <span class='ocrx_word' id='word_1_231' title='bbox 887 4430 1102 4518; x_wconf 84' lang='lat' dir='ltr'><strong>beneplacens</strong></span> <span class='ocrx_word' id='word_1_232' title='bbox 1146 4431 1300 4511; x_wconf 84' lang='lat' dir='ltr'><strong>arriserit,</strong></span> <span class='ocrx_word' id='word_1_233' title='bbox 1347 4432 1515 4520; x_wconf 88' lang='lat' dir='ltr'><strong>inceptum</strong></span> 
     </span>
    </p>
   </div>
   <div class='ocr_carea' id='block_1_7' title="bbox 750 4767 1233 4837">
    <p class='ocr_par' dir='ltr' id='par_1_7' title="bbox 750 4767 1233 4837">
     <span class='ocr_line' id='line_1_31' title="bbox 750 4767 1233 4837; baseline 0.006 -19"><span class='ocrx_word' id='word_1_234' title='bbox 750 4770 757 4800; x_wconf 91' lang='lat'>¹</span> <span class='ocrx_word' id='word_1_235' title='bbox 770 4767 961 4837; x_wconf 72' lang='lat' dir='ltr'><strong>contubernius]</strong></span> <span class='ocrx_word' id='word_1_236' title='bbox 975 4769 1167 4831; x_wconf 75' lang='lat' dir='ltr'><strong>condrucium,</strong></span> <span class='ocrx_word' id='word_1_237' title='bbox 1177 4769 1233 4821; x_wconf 80' lang='lat' dir='ltr'><strong>MS.</strong></span> 
     </span>
    </p>
   </div>
   <div class='ocr_carea' id='block_1_8' title="bbox 0 0 1776 5800">
    <p class='ocr_par' dir='ltr' id='par_1_8' title="bbox 0 0 1776 5800">
     <span class='ocr_line' id='line_1_32' title="bbox 0 0 1776 5800; baseline 0 0"><span class='ocrx_word' id='word_1_238' title='bbox 0 0 1776 5800; x_wconf 95' lang='lat' dir='ltr'><strong> </strong></span> 
     </span>
    </p>
   </div>
  </div>
 </body>
</html>
