3542 5800
471 868 519 919 na
539 869 658 923 orarrs
679 870 800 922 uuouu
822 870 1008 921 auen-u.
1027 852 1078 925 27.
1234 858 1296 923 119

241 1056 378 1125 deorum
408 1060 598 1123 nostrorum
629 1076 666 1123 se
699 1055 871 1136 subdidit3
905 1062 939 1123 et
962 1054 1175 1125 nihilominus
1198 1056 1296 1125 multi

240 1162 320 1226 sunt
343 1159 403 1245 qui
432 1158 593 1246 ampliora
617 1180 718 1246 quam
741 1180 802 1247 ego
815 1182 837 1226 a
854 1165 889 1225 te
916 1158 1074 1227 benefiom
1097 1164 1132 1227 et
1155 1160 1296 1229 maiores

240 1262 408 1349 aooipiunt
429 1260 617 1348 dignitates,
638 1261 808 1348 magisque
828 1267 1062 1350 prosperantur
1084 1262 1119 1327 in
1141 1262 1294 1331 omnibus

241 1384 317 1449 quae
348 1363 478 1450 agenda
497 1364 552 1431 vel
584 1364 788 1450 adquirenda
818 1363 1006 1451 disponunt.
1053 1364 1090 1431 Si
1112 1370 1224 1433 eutem
1247 1366 1294 1433 dii

241 1466 370 1553 aliquid
398 1466 556 1547 valerent,
586 1486 640 1533 me
676 1466 788 1553 potius
823 1466 938 1533 iuvare
967 1466 1100 1545 vellent,
1133 1468 1190 1554 qui
1227 1468 1293 1535 illis

241 1568 422 1657 impensius
453 1569 575 1637 servire
606 1569 727 1635 curavi
774 1566 874 1635 Unde
906 1573 1017 1649 restat,
1041 1574 1080 1637 ut
1102 1570 1131 1635 si
1152 1590 1191 1635 ea
1219 1591 1293 1656 quse

241 1693 332 1738 nuno
363 1692 452 1738 nova
482 1670 578 1739 nobis
611 1670 832 1759 praedioentur
852 1669 989 1737 meliora
1010 1692 1079 1739 esse
1101 1676 1136 1739 et
1157 1670 1294 1739 fortiore

241 1772 358 1841 habita
393 1772 637 1841 examinatione
674 1773 887 1859 perspexeris,
926 1772 1051 1861 absque
1089 1773 1157 1839 ullo
1195 1794 1292 1841 euno·

240 1876 368 1943 tamine
389 1877 550 1963 sosoipere
570 1876 630 1941 illa
650 1874 871 1943 festinemua”

287 1978 391 2045 (luins
428 1978 574 2047 suasioni
609 1976 782 2065 verbisque
827 1976 1047 2063 prudentibus
1085 1976 1170 2045 elius
1208 1978 1444 2064 opti-areant

241 2086 370 2147 matum
405 2081 492 2167 regie
527 2080 678 2147 tribuens
714 2101 890 2156 assensum,
930 2080 1086 2147 continuo
1123 2054 1410 2151 subdidit2¹¹¹⁰b¹⁰'

242 2182 429 2265 “Taliter’'
452 2182 613 2269 inquiens,
639 2182 752 2249 “mibi
773 2182 917 2262 ridetur,
941 2204 1008 2259 rex,
1026 2183 1098 2249 vita
1121 2182 1291 2251 hominum

240 2306 384 2372 praesens
409 2287 446 2351 in
469 2286 575 2363 terrie,
600 2284 644 2351 ad
672 2285 951 2372 comparationem
980 2284 1049 2351 eius
1080 2287 1168 2371 quod
1197 2285 1292 2353 nobis

240 2388 404 2455 inoertum
441 2393 492 2455 est
528 2388 694 2474 temporis,
730 2388 827 2474 quale
865 2408 940 2453 oum
977 2392 1011 2455 te
1049 2389 1212 2457 residente
1248 2390 1292 2457 ad

239 2512 369 2557 ooenam
392 2512 466 2557 oum
493 2488 630 2557 ducibus
644 2512 684 2555 ao
697 2490 857 2555 ministris
882 2491 951 2557 tuis
974 2496 1120 2577 tempore
1140 2492 1291 2574 brumali,

239 2614 373 2659 aooenao
388 2583 521 2678 quidem
535 2592 607 2659 fooo
628 2593 666 2659 in
680 2592 788 2657 medio
802 2598 837 2659 et
851 2592 957 2659 ealido
978 2594 1095 2661 effecto
1117 2595 1291 2673 ooenaoulo,

238 2696 427 2761 furentibus
452 2700 565 2761 autern
588 2693 667 2763 foris
690 2694 875 2781 peremnia
898 2694 1087 2763 turbinibus
1102 2696 1292 2763 hiemalium

238 2798 429 2885 pluviarum
443 2796 499 2863 vel
515 2795 652 2876 nivium,
668 2796 847 2863 adveniens
862 2818 948 2863 unus
969 2820 1136 2884 passerum
1159 2800 1291 2866 domum

238 2901 395 2968 oitbsime
420 2898 650 2986 pervolaverit,
665 2898 723 2986 qui
746 2921 804 2986 per
828 2920 932 2966 unum
956 2902 1078 2968 ostium
1105 2901 1292 2988 ingrediens

239 3027 318 3070 mox
332 3025 393 3091 per
415 3003 507 3069 aliud
528 3002 656 3070 exierit.
702 2991 788 3088 Ipso'
803 3001 936 3087 quidem
960 3007 1106 3088 tempore
1122 3023 1187 3088 quo
1202 3003 1292 3070 intus

239 3114 297 3186 eat,
324 3104 444 3172 hiemis
469 3109 667 3191 tempestate
694 3125 762 3170 non
793 3104 966 3190 tangitur3
998 3105 1056 3170 sed
1082 3109 1195 3170 tamen
1218 3127 1279 3192 par

239 3209 374 3276 vbsimo
400 3207 508 3293 spatio
533 3205 722 3274 serenitatis
746 3205 790 3272 ad
813 3209 1019 3270 momentum
1045 3227 1189 3284 excurso,
1213 3229 1292 3274 mox

240 3313 280 3380 de
316 3311 425 3378 hieme
453 3309 491 3374 in
520 3307 651 3376 hiemen
686 3308 884 3396 regrediens,
916 3307 984 3376 tuis
1001 3309 1102 3376 oeulis
1138 3308 1291 3376 elabitur.

241 3415 297 3483 Ita
327 3414 399 3482 brec
427 3413 501 3478 vita
529 3411 700 3478 hominum
736 3410 780 3476 ad
817 3410 982 3478 modicum
1020 3417 1177 3500 apparet;
1211 3413 1293 3502 quid

239 3523 352 3584 autem
377 3520 542 3600 sequatur,
564 3513 686 3598 quidve
712 3515 922 3599 praeoesserit,
944 3536 1076 3602 prorsus
1096 3515 1290 3601 ignoramus

241 3619 341 3686 Unde
369 3617 399 3683 si
428 3615 499 3683 baeo
534 3637 622 3682 nova
659 3615 809 3680 doctrina
843 3616 964 3682 eortius
1002 3616 1129 3702 aliquid
1165 3619 1289 3698 attulit,

240 3721 357 3786 merito
387 3739 457 3786 esso
485 3717 650 3803 sequenda
679 3715 841 3784 videtur.”
896 3717 960 3784 His
991 3719 1112 3784 similis
1134 3725 1169 3790 et
1191 3722 1291 3788 aeteri

240 3825 377 3890 maiores
409 3826 493 3886 natu
523 3841 561 3886 ao
594 3819 680 3906 regis
716 3819 892 3886 oonsiliarii
929 3819 1091 3888 divinitus
1128 3822 1290 3890 admoniti

241 3923 526 4013 prosequebantur.

282 4027 416 4094 Adiecit
446 4030 557 4094 autem
592 4021 681 4104 Gelli,
712 4025 791 4110 quia
825 4024 927 4092 vellet
964 4025 1073 4110 ipsum
1111 4024 1288 4092 Paulinum
1301 4047 1430 4114 ceam.

240 4130 429 4216 diligentius
455 4127 568 4194 audire
596 4127 637 4194 de
676 4125 748 4192 Deo
786 4148 883 4213 quem
919 4125 1120 4213 praedicabat
1149 4113 1369 4196 verbumlffl
1380 4116 1423 4168 ὼε

240 4233 420 4298 facientem.
470 4229 566 4310 Quod
587 4250 662 4294 oum
684 4229 819 4295 iubente
841 4251 917 4318 rege
941 4228 1067 4307 faeeret,
1091 4229 1289 4298 exclamavit
1299 4183 1412 4314 {sigim

242 4331 408 4421 [auditis]¹
426 4331 496 4397 eius
517 4331 720 4397 sermonibus
742 4331 874 4398 diosna:
901 4331 1002 4396 “Iam
1018 4331 1096 4398 olim
1119 4335 1289 4402 intellexe-

243 4459 311 4502 ram
332 4436 419 4502 nibil
440 4457 509 4500 esse
531 4435 619 4521 quod
650 4435 854 4502 oolebamus:
891 4436 969 4520 quia
990 4435 1143 4503 videlieet
1165 4443 1290 4524 quanto

246 4641 403 4651 —Q--,
447 4641 453 4644 .
481 4638 575 4645 -.-.-.
597 4635 876 4644 -ffl—n—
893 4639 923 4644 -ι
946 4640 954 4644 .
980 4639 1044 4646 —.
1059 4641 1121 4648 ..m--

623 4762 630 4792 ¹
648 4761 753 4830 eadm]
765 4777 815 4812 om.
827 4761 882 4814 MS.
