3542 5800
505 897 552 948 ns
573 895 688 946 omns
711 895 832 946 amun
854 895 1037 946 mon-n.
1055 884 1105 945 58.
1263 882 1329 948 233

281 1085 370 1151 Nam
393 1093 428 1153 et
447 1085 569 1153 famam
589 1086 703 1173 gloriae
724 1092 844 1153 vestrae
863 1107 972 1152 coram
992 1085 1064 1152 Deo
1085 1091 1120 1152 et
1142 1085 1330 1152 hominibus

280 1189 460 1266 confundit,
492 1197 526 1255 et
556 1190 646 1255 inter
670 1189 827 1256 idolatras
856 1190 1040 1269 constituit,
1065 1189 1143 1276 quia
1168 1190 1329 1276 templum

193 1313 201 1320 ·
282 1291 344 1357 Dei
382 1293 522 1359 violasti.
584 1293 800 1380 Quapropter,
839 1293 888 1358 tili
926 1291 1095 1370 carissime,
1135 1293 1257 1380 ponite
1295 1297 1329 1357 et

280 1416 459 1461 memorare
485 1418 584 1482 quam
614 1402 711 1482 turpe
737 1397 790 1473 sit,
818 1399 858 1461 ut
881 1400 921 1462 tu
945 1395 1002 1481 qui
1033 1396 1148 1461 multis
1174 1396 1329 1482 gentibus

279 1497 366 1562 dono
403 1498 468 1563 Dei
505 1499 691 1578 dominaris,
722 1499 765 1563 ad
802 1499 957 1563 iniuriam
994 1498 1064 1564 eius
1102 1499 1145 1563 sis
1183 1497 1330 1563 libidinis

280 1623 400 1665 servus
462 1601 661 1667 Audivimus
698 1607 857 1688 praeterea
899 1601 988 1688 quod
1025 1601 1200 1688 optimates
1236 1623 1329 1688 paone

281 1727 391 1769 omnes
413 1704 522 1791 gentis
548 1705 744 1770 Meroiorum
768 1711 828 1770 tuo
850 1704 999 1791 exemplo
1023 1703 1186 1790 legitimas
1212 1726 1329 1770 uxores

278 1808 439 1886 deserant,
469 1813 504 1872 et
541 1807 707 1874 adulteras
736 1812 771 1872 et
807 1805 1070 1872 sanctimoniales
1108 1813 1328 1892 constuprent.

280 1909 376 1990 Quod
407 1912 576 1996 quamsit
605 1911 813 1998 peregrinum
844 1911 888 1974 ab
911 1909 1091 1986 honestate,
1120 1909 1233 1974 doceat
1270 1931 1329 1973 vos

281 2014 395 2079 abenae
417 2015 526 2100 gentis
546 2014 721 2080 institutio,
769 2012 858 2078 Nam
878 2014 915 2077 in
937 2012 1074 2098 antiqua
1096 2012 1248 2089 Saxonis,
1272 2013 1328 2076 ubi

280 2117 371 2181 nulla
401 2122 451 2181 est
476 2115 603 2184 Christi
634 2116 786 2202 cognitio,
814 2115 843 2180 si
869 2115 965 2202 virgo
995 2115 1031 2179 in
1061 2119 1198 2201 paterna
1222 2115 1326 2191 domo,

280 2219 332 2283 vel
356 2219 513 2284 maritata
538 2218 600 2283 sub
624 2219 761 2305 coniuge
786 2217 886 2284 fuerit
910 2215 1105 2298 adulterata„
1130 2239 1230 2284 manu
1256 2240 1330 2306 pro-

280 2323 351 2407 pria
380 2321 619 2407 strangnrlatam
649 2328 809 2400 cremant,
840 2326 875 2386 et
904 2343 1005 2408 supra
1034 2319 1154 2388 fossam
1191 2321 1328 2408 sepulta

280 2431 499 2511 corruptorem
529 2423 742 2511 suspendunt,
782 2429 842 2490 aut
878 2423 1009 2512 cingulo
1046 2430 1143 2491 tenus
1180 2425 1328 2492 vestibus

280 2527 412 2594 abscisis
435 2525 604 2614 flagellant
628 2549 700 2592 eam
724 2532 823 2593 casae
845 2533 1005 2594 matronae
1028 2533 1062 2594 et
1084 2529 1223 2594 cultellis
1247 2551 1331 2616 pim-

211 2618 216 2629 '
280 2638 371 2718 gunt,
403 2636 438 2696 et
476 2630 516 2696 de
545 2629 628 2696 ailla
662 2630 699 2695 in
728 2629 844 2696 villam
881 2631 991 2696 missae
1030 2637 1203 2697 occumunt
1233 2655 1328 2698 novae

280 2734 516 2821 flagellatrices,
546 2732 649 2799 donec
685 2733 887 2800 interimant
948 2731 1090 2820 Insuper
1118 2739 1153 2800 et
1183 2735 1327 2815 Winedi,

279 2837 368 2924 quod
397 2841 449 2905 est
478 2835 695 2904 loedissimum
733 2858 837 2925 genus
872 2835 1052 2916 hominum,
1085 2835 1172 2903 hunc
1205 2837 1328 2905 habent

279 2962 412 3020 morem,
432 2946 473 3007 ut
494 2940 613 3007 mulier
636 2940 709 3007 viro
733 2963 793 3006 suo
818 2946 949 3007 mortuo
974 2962 1008 3007 se
1033 2942 1170 3027 inrogo
1196 2943 1331 3007 cremati

280 3045 402 3131 pariter
440 3042 574 3109 arsura¹
607 3045 803 3131 praecipitet.
865 3044 903 3109 Si
941 3066 1018 3130 ergo
1052 3044 1191 3130 gentiles
1222 3044 1330 3109 Deum

280 3148 470 3233 ignorantes
501 3152 633 3212 tantum
668 3148 777 3213 zelum
807 3144 1026 3213 castimoniml
1041 3146 1193 3224 habeant,
1225 3147 1330 3232 quid³

279 3250 344 3315 tibi
376 3250 541 3330 convenit,
571 3250 623 3315 fili
654 3250 826 3330 carissime,
857 3250 915 3336 qui
947 3246 1154 3315 Christianus
1184 3271 1244 3313 rex
1274 3254 1331 3315 est

280 3352 380 3419 Parce
410 3361 487 3440 ergo
518 3352 638 3419 animas
666 3357 745 3430 tum,
771 3374 866 3439 parce
897 3351 1105 3417 multitudini
1135 3353 1247 3439 populi
1270 3358 1330 3419 tuo

279 3456 448 3543 pereuntis
485 3454 644 3542 exemplo,
675 3455 716 3520 de
753 3476 893 3540 quorum
933 3455 1106 3521 animabus
1139 3455 1329 3521 redditurus

280 3581 314 3625 es
331 3558 503 3626 rationem.
548 3558 696 3624 Attende
717 3564 752 3623 et
771 3558 863 3639 illud,
879 3558 968 3645 quod
990 3560 1017 3623 si
1037 3580 1117 3647 gens
1137 3560 1327 3647 Anglorum,

279 3663 363 3727 sicut
394 3660 431 3726 in
461 3660 602 3727 Francia
630 3667 664 3728 et
694 3660 796 3725 Italia
825 3663 860 3726 et
890 3662 932 3727 ab
962 3662 1041 3747 ipsis
1071 3664 1207 3749 paganis
1233 3664 1329 3729 nobis

280 3766 531 3851 improperatur,
546 3764 664 3850 spretis
683 3762 842 3849 legitimis
860 3764 1079 3829 matrimoniis
1094 3786 1152 3851 per
1167 3765 1330 3830 adulteria

280 3868 406 3947 defluit,
429 3866 598 3931 nascitura
624 3886 667 3931 ex
690 3866 752 3931 tali
775 3862 1077 3955 commixtionejsit
1091 3867 1182 3952 'gens
1209 3867 1330 3952 ignava

281 3976 314 4035 et
340 3970 406 4035 Dei
435 3968 664 4055 contemptrix,
690 3990 829 4055 quaeque
853 3968 991 4055 perditis
1015 3967 1162 4033 moribus
1186 3970 1329 4053 patriam

279 4073 464 4159 pessundet,
498 4071 584 4137 sicut
617 4070 907 4157 Burgundionibus
937 4076 972 4137 et
1001 4068 1260 4136 Provincialibus
1294 4077 1329 4137 et

280 4176 441 4261 Hmpanis
464 4174 612 4260 contigit,
639 4191 722 4259 quos
748 4174 901 4240 Saraceni
932 4174 1046 4239 multis
1072 4174 1167 4238 imnis
1193 4172 1328 4240 infesta»

278 4283 358 4345 runt
387 4281 523 4365 propter
551 4282 685 4363 peccata
710 4276 888 4363 praeterita.
946 4274 1109 4341 Praeterea
1137 4276 1328 4345 nuntiatum
1340 4304 1468 4371 Infringe-
1566 4358 1572 4371 ι

279 4388 328 4449 est
353 4380 449 4446 nobis
471 4379 561 4466 quod
587 4378 693 4445 midta
716 4379 890 4467 privilegia
912 4378 1119 4445 ecelesiarum
1144 4386 1178 4447 et
1200 4374 1454 4448 monas-¹¹¹⁸”l0f

279 4483 438 4549 teriorum
475 4482 626 4549 sidereus
655 4482 698 4547 ad
727 4482 916 4548 audendum
950 4482 1047 4549 duces
1085 4488 1144 4550 tuo
1174 4506 1330 4571 provoces
1340 4440 1477 4573 pppblgegye:
