3542 5800
468 871 512 934 62
739 880 805 932 ruo.
829 881 876 930 nn
898 880 1034 930 omme.
1057 879 1145 930 senc.
1169 879 1259 930 msr.

466 1095 541 1138 rum
563 1072 650 1138 filius
672 1078 707 1139 et
729 1073 799 1138 iilia
830 1071 1038 1136 misceantur.
1106 1068 1174 1134 Sed
1195 1069 1422 1156 experimento
1444 1069 1527 1134 didi-

467 1177 580 1256 cimus,
605 1199 647 1241 cx
670 1177 730 1242 tali
753 1175 906 1262 coniugio
928 1174 1073 1239 sobolem
1093 1195 1163 1238 non
1191 1195 1285 1259 posse
1307 1195 1524 1239 succrescere:

469 1281 515 1344 Et
536 1303 629 1346 sacra
658 1280 713 1346 lex
735 1279 889 1367 prohibet
919 1277 1126 1365 cognationis
1159 1277 1402 1363 turpitudinem
1437 1299 1526 1341 reve-

468 1384 545 1448 lare.
591 1383 690 1448 Unde
713 1404 841 1447 necesse
864 1387 916 1446 est
937 1381 1067 1445 utiam
1088 1379 1191 1444 tertia
1212 1379 1267 1444 vel
1289 1385 1407 1464 quarta
1428 1401 1526 1466 gene-

467 1487 556 1552 ratio
577 1485 724 1552 fidelium
747 1486 883 1550 licenter
904 1484 968 1549 sibi
990 1484 1085 1569 iungi
1107 1484 1246 1548 debeat:
1281 1504 1360 1547 nam
1376 1483 1527 1548 ,semmda

469 1612 569 1676 quam
592 1590 738 1656 diximus
760 1612 781 1653 c
801 1609 836 1653 se
858 1589 950 1653 omui
979 1587 1079 1652 modo
1101 1587 1200 1652 debet
1221 1586 1395 1652 abstinere.
1441 1586 1527 1652 Cum

469 1715 610 1760 noverca
639 1698 752 1757 autem
781 1691 911 1756 misceri
941 1712 1042 1776 grave
1071 1694 1123 1755 cst
1152 1689 1288 1767 facinus,
1319 1691 1398 1775 quic
1426 1693 1462 1755 et
1491 1690 1526 1753 in

468 1797 540 1884 lege
565 1796 723 1882 scriptum
746 1800 796 1860 est
806 1793 827 1856 :¹
854 1793 1128 1879 ‘Turpitudinem
1150 1793 1255 1879 patris
1276 1794 1328 1858 tui
1351 1816 1417 1858 non
1437 1815 1527 1858 reve

470 1899 574 1966 labis'
618 1898 736 1984 Neque
759 1898 848 1962 enim
870 1897 975 1983 patris
1005 1896 1249 1982 turpitudinem
1270 1896 1360 1961 filius
1382 1896 1525 1962 revelare

470 2007 585 2090 potest.
632 2001 698 2066 Sed
721 2001 799 2086 quia
821 2000 980 2086 scripturn
1002 1999 1092 2064 estz²
1125 1998 1255 2064 ‘Erunt
1284 1999 1350 2063 duc
1372 2000 1409 2062 in
1431 2021 1526 2064 carne

471 2127 537 2169 una
551 2104 569 2184 ;’
603 2105 659 2188 qui
691 2101 935 2188 turpitudinem
967 2123 1119 2167 novercae
1151 2122 1225 2186 quac
1246 2123 1314 2166 una
1344 2123 1419 2166 caro
1453 2123 1525 2166 cum

469 2213 563 2293 patre
585 2207 651 2270 fuit
681 2204 825 2269 revelare
859 2204 1112 2290 praesumpserit,
1147 2204 1292 2290 profecto
1322 2206 1427 2292 patris
1459 2209 1527 2270 tur-

470 2307 656 2396 pitudinem
701 2307 871 2373 revelavit
929 2306 1016 2373 Cum
1053 2311 1194 2394 cognata
1231 2328 1361 2393 quoque
1398 2308 1525 2373 misoeri

471 2411 673 2497 prohibitum
697 2414 757 2490 est,
781 2431 854 2496 quae
880 2433 939 2498 per
970 2410 1172 2477 iunctionem
1203 2411 1344 2495 priorem
1366 2432 1441 2475 caro
1462 2411 1525 2476 frc-

472 2514 532 2578 tris
555 2513 657 2578 fuerit
678 2513 773 2579 facta
820 2513 884 2578 Pro
907 2535 973 2601 quc
994 2537 1030 2580 re
1051 2515 1153 2579 etiam
1182 2513 1353 2579 «lohannes
1376 2513 1527 2601 Baptista

471 2616 579 2703 capite
602 2621 773 2681 truncatus
796 2622 846 2682 est
877 2622 913 2681 et
945 2622 1058 2682 scnctc
1090 2617 1252 2702 martyrio
1274 2623 1527 2695 consummatus,

471 2721 524 2783 cui
539 2741 606 2784 non
629 2723 679 2784 est
702 2719 827 2784 dictum
850 2723 890 2784 ut
912 2719 1083 2785 Christum
1104 2726 1248 2807 negaret,
1272 2727 1308 2786 et
1327 2743 1387 2808 pro
1403 2721 1526 2786 Christi

471 2821 671 2887 confessione
693 2822 816 2887 occisus
838 2828 890 2887 cst
903 2820 926 2903 3³
947 2825 1005 2888 scd
1029 2825 1107 2909 quic
1129 2825 1217 2888 idem
1240 2825 1404 2889 Dominus
1417 2831 1528 2890 noster

471 2926 569 2991 Jcsus
593 2924 748 2991 Christus
771 2925 903 2991 dixerat
917 2924 940 2990 :⁴
973 2925 1062 3012 ‘Ego
1084 2948 1158 2991 sum
1180 2928 1303 2993 veritas
1314 2928 1334 3007 ;’
1367 2928 1447 3014 quic
1468 2950 1526 3015 pro

470 3030 613 3095 veritate
636 3029 805 3096 Johannes
828 3030 951 3095 occisus
973 3034 1032 3107 est,
1054 3029 1209 3095 videlicet
1231 3053 1290 3115 pro
1306 3030 1440 3096 Christo
1453 3054 1526 3096 san-

471 3133 605 3219 guinem
643 3132 738 3197 fudit.
793 3132 880 3213 Quia
916 3153 996 3196 vero
1033 3136 1112 3196 sunt
1142 3133 1241 3196 multi
1274 3133 1310 3196 in
1344 3132 1526 3220 Anglorum

472 3239 580 3320 gente,
595 3234 651 3320 qui
667 3234 747 3299 dum
762 3221 869 3299 adhuc
883 3234 921 3297 iu
935 3234 1131 3299 infidelitate
1154 3240 1271 3313 esseut,
1295 3235 1372 3300 huic
1387 3237 1526 3305 nefando

472 3337 622 3422 coniugio
653 3338 810 3402 dicuntur
840 3337 993 3414 admixti,
1024 3336 1067 3402 ad
1096 3338 1196 3403 fidem
1225 3339 1395 3403 venientes
1416 3340 1526 3404 admo-

472 3440 574 3503 nendi
597 3444 675 3503 sunt
697 3446 738 3504 ut
760 3462 793 3504 sc
820 3437 1036 3517 abstineant,⁵
1066 3444 1101 3505 et
1123 3463 1223 3527 grave
1245 3440 1307 3506 hoc
1328 3462 1396 3507 csse
1417 3464 1527 3527 pecct-

472 3545 546 3605 tum
568 3546 773 3626 cognoscant.
825 3542 1045 3608 Tremendum
1060 3543 1125 3607 Dei
1139 3543 1310 3610 iudicium⁰
1330 3545 1472 3611 timeant
1487 3568 1527 3610 nc

472 3664 532 3730 pro
555 3644 680 3708 carnali
703 3644 876 3710 dilectione
906 3650 1074 3711 tormenta
1095 3647 1213 3712 aetcrni
1235 3648 1398 3713 cruciatus
1420 3648 1529 3714 incur-

472 3752 556 3814 rant.
603 3746 681 3811 Non
703 3751 814 3813 tamen
846 3769 906 3834 pro
943 3748 1005 3813 hac
1037 3772 1074 3815 rc
1104 3750 1188 3814 sacri
1218 3752 1424 3837 corporisne
1453 3774 1528 3816 san-

472 3850 582 3936 guinis
605 3851 740 3917 Domini
762 3851 989 3917 communione
1010 3852 1164 3938 privandi
1186 3858 1272 3930 sunt,
1295 3875 1338 3918 nc
1359 3854 1457 3917 ineis
1472 3854 1531 3918 illa

473 3953 586 4020 ulcisci
608 3954 793 4035 videantur,
827 3953 864 4019 in
893 3955 1015 4041 quibus
1046 3978 1081 4020 sc
1115 3978 1173 4042 per
1204 3957 1426 4043 ignorantiam
1449 3962 1528 4021 ante

473 4058 640 4127 lavacrum
663 4058 873 4148 baptismatis
895 4058 1130 4125 astrinxerunt.
1178 4060 1221 4124 In
1251 4060 1312 4125 hcc
1334 4060 1421 4125 enim
1444 4064 1529 4125 tem-

509 4397 515 4427 ¹
534 4396 614 4447 Levit
626 4396 699 4446 xviii.
712 4400 735 4447 7.
1058 4398 1066 4428 ⁴
1084 4398 1155 4450 John
1167 4399 1218 4451 xiv.
1231 4406 1254 4451 6.

507 4479 517 4507 ²
534 4476 597 4527 Gen.
610 4476 636 4525 li.
650 4480 690 4526 2⁴.

507 4556 517 4584 ¹
533 4556 832 4605 consummatus-occisus
848 4556 896 4622 cst]
916 4557 977 4607 Per-

475 4640 538 4704 haps
549 4654 587 4689 we
604 4638 694 4689 should
706 4641 774 4700 read,
786 4648 979 4701 consummatus,
1056 4647 1067 4677 ⁰
1087 4645 1423 4709 Tremendum-ladlcim]
1466 4644 1527 4695 'l'rc

474 4730 500 4772 ct
511 4736 555 4785 pro
566 4758 572 4771 .
591 4758 598 4773 .
617 4757 623 4771 .
636 4721 733 4771 occisus
745 4729 798 4783 est3
816 4722 857 4773 cui
869 4738 939 4773 non.
953 4760 959 4774 .
972 4760 978 4773 .
1023 4728 1142 4777 mendum
1153 4726 1211 4777 dedi
1223 4726 1273 4777 iud.
1286 4733 1319 4789 ct,
1331 4726 1385 4787 icc,
1396 4724 1454 4777 MS.

474 4806 591 4867 negarem
608 4802 651 4851 sed
664 4801 730 4865 quic,
742 4801 787 4851 &a

1057 4526 1068 4555 ⁸
1083 4522 1235 4594 abstineant]
1248 4523 1381 4586 abstinent,
1394 4524 1450 4575 MS.
