<?xml version="1.0" encoding="UTF-8"?>
<!DOCTYPE html PUBLIC "-//W3C//DTD XHTML 1.0 Transitional//EN"
    "http://www.w3.org/TR/xhtml1/DTD/xhtml1-transitional.dtd">
<html xmlns="http://www.w3.org/1999/xhtml" xml:lang="en" lang="en">
 <head>
  <title>
</title>
<meta http-equiv="Content-Type" content="text/html;charset=utf-8" />
  <meta name='ocr-system' content='tesseract 3.04.00' />
  <meta name='ocr-capabilities' content='ocr_page ocr_carea ocr_par ocr_line ocrx_word'/>
</head>
<body>
  <div class='ocr_page' id='page_1' title='image "./speculumhistori01mayogoog_0351.png"; bbox 0 0 3542 5800; ppageno 0'>
   <div class='ocr_carea' id='block_1_1' title="bbox 479 855 1262 923">
    <p class='ocr_par' dir='ltr' id='par_1_1' title="bbox 479 855 1262 923">
     <span class='ocr_line' id='line_1_1' title="bbox 479 855 1262 923; baseline 0.001 -2"><span class='ocrx_word' id='word_1_1' title='bbox 479 855 543 921; x_wconf 82' lang='grc'>336</span> <span class='ocrx_word' id='word_1_2' title='bbox 740 870 806 921; x_wconf 85' lang='lat' dir='ltr'>mc.</span> <span class='ocrx_word' id='word_1_3' title='bbox 829 870 1032 923; x_wconf 78' lang='lat' dir='ltr'>unornane.</span> <span class='ocrx_word' id='word_1_4' title='bbox 1056 873 1147 923; x_wconf 80' lang='lat' dir='ltr'>sanc.</span> <span class='ocrx_word' id='word_1_5' title='bbox 1172 874 1262 923; x_wconf 86' lang='lat' dir='ltr'>ursr.</span> 
     </span>
    </p>
   </div>
   <div class='ocr_carea' id='block_1_2' title="bbox 478 1059 1533 1353">
    <p class='ocr_par' dir='ltr' id='par_1_2' title="bbox 478 1059 1533 1353">
     <span class='ocr_line' id='line_1_2' title="bbox 479 1059 1531 1148; baseline 0.002 -22"><span class='ocrx_word' id='word_1_6' title='bbox 479 1060 599 1126; x_wconf 86' lang='lat' dir='ltr'>cuisset</span> <span class='ocrx_word' id='word_1_7' title='bbox 636 1059 671 1124; x_wconf 91' lang='lat' dir='ltr'>in</span> <span class='ocrx_word' id='word_1_8' title='bbox 709 1059 877 1147; x_wconf 82' lang='lat' dir='ltr'>Angliam,</span> <span class='ocrx_word' id='word_1_9' title='bbox 917 1083 938 1126; x_wconf 89' lang='lat' dir='ltr'>a</span> <span class='ocrx_word' id='word_1_10' title='bbox 966 1082 1042 1147; x_wconf 87' lang='lat' dir='ltr'>rege</span> <span class='ocrx_word' id='word_1_11' title='bbox 1081 1062 1317 1148; x_wconf 83' lang='lat' dir='ltr'>Estaugloram</span> <span class='ocrx_word' id='word_1_12' title='bbox 1351 1061 1531 1129; x_wconf 87' lang='lat' dir='ltr'>Edmundo</span> 
     </span>
     <span class='ocr_line' id='line_1_3' title="bbox 478 1163 1533 1250; baseline 0.003 -24"><span class='ocrx_word' id='word_1_13' title='bbox 478 1164 633 1227; x_wconf 87' lang='lat' dir='ltr'>inventus</span> <span class='ocrx_word' id='word_1_14' title='bbox 663 1167 698 1227; x_wconf 90' lang='lat' dir='ltr'>et</span> <span class='ocrx_word' id='word_1_15' title='bbox 728 1163 799 1250; x_wconf 92' lang='lat' dir='ltr'>ipso</span> <span class='ocrx_word' id='word_1_16' title='bbox 829 1163 965 1229; x_wconf 89' lang='lat' dir='ltr'>iubente</span> <span class='ocrx_word' id='word_1_17' title='bbox 993 1164 1104 1230; x_wconf 82' lang='lat' dir='ltr'>fuerat</span> <span class='ocrx_word' id='word_1_18' title='bbox 1133 1163 1340 1231; x_wconf 87' lang='lat' dir='ltr'>interfectus.</span> <span class='ocrx_word' id='word_1_19' title='bbox 1400 1164 1449 1231; x_wconf 83' lang='lat' dir='ltr'>At</span> <span class='ocrx_word' id='word_1_20' title='bbox 1479 1164 1533 1229; x_wconf 91' lang='lat' dir='ltr'>illi</span> 
     </span>
     <span class='ocr_line' id='line_1_4' title="bbox 478 1265 1533 1353; baseline 0.004 -24"><span class='ocrx_word' id='word_1_21' title='bbox 478 1270 728 1352; x_wconf 80' lang='lat' dir='ltr'><strong>prorumpentes</strong></span> <span class='ocrx_word' id='word_1_22' title='bbox 750 1266 787 1329; x_wconf 92' lang='lat' dir='ltr'>in</span> <span class='ocrx_word' id='word_1_23' title='bbox 810 1265 927 1332; x_wconf 90' lang='lat' dir='ltr'>fletum</span> <span class='ocrx_word' id='word_1_24' title='bbox 951 1266 1202 1344; x_wconf 88' lang='lat' dir='ltr'>amarissimum,</span> <span class='ocrx_word' id='word_1_25' title='bbox 1229 1268 1271 1333; x_wconf 87' lang='lat' dir='ltr'>de</span> <span class='ocrx_word' id='word_1_26' title='bbox 1293 1271 1400 1333; x_wconf 81' lang='lat' dir='ltr'>morte</span> <span class='ocrx_word' id='word_1_27' title='bbox 1425 1267 1533 1353; x_wconf 84' lang='lat' dir='ltr'>patris</span> 
     </span>
    </p>
   </div>
   <div class='ocr_carea' id='block_1_3' title="bbox 370 1367 1533 1457">
    <p class='ocr_par' dir='ltr' id='par_1_3' title="bbox 370 1367 1533 1457">
     <span class='ocr_line' id='line_1_5' title="bbox 370 1367 1533 1457; baseline 0.002 -24"><span class='ocrx_word' id='word_1_28' title='bbox 370 1400 375 1417; x_wconf 53' lang='grc' dir='ltr'><em>ν</em></span> <span class='ocrx_word' id='word_1_29' title='bbox 478 1368 530 1433; x_wconf 88' lang='lat' dir='ltr'>sui</span> <span class='ocrx_word' id='word_1_30' title='bbox 553 1367 832 1435; x_wconf 72' lang='lat' dir='ltr'>inconsolabiliter</span> <span class='ocrx_word' id='word_1_31' title='bbox 858 1368 1045 1455; x_wconf 86' lang='lat' dir='ltr'>perturbati</span> <span class='ocrx_word' id='word_1_32' title='bbox 1074 1371 1271 1436; x_wconf 84' lang='lat' dir='ltr'>iuraverunt</span> <span class='ocrx_word' id='word_1_33' title='bbox 1297 1392 1356 1457; x_wconf 91' lang='lat' dir='ltr'>per</span> <span class='ocrx_word' id='word_1_34' title='bbox 1383 1370 1533 1457; x_wconf 90' lang='lat' dir='ltr'>omnipo-</span> 
     </span>
    </p>
   </div>
   <div class='ocr_carea' id='block_1_4' title="bbox 477 1470 1533 1864">
    <p class='ocr_par' dir='ltr' id='par_1_4' title="bbox 477 1470 1533 1864">
     <span class='ocr_line' id='line_1_6' title="bbox 477 1470 1530 1558; baseline 0.002 -23"><span class='ocrx_word' id='word_1_35' title='bbox 477 1475 587 1536; x_wconf 89' lang='lat' dir='ltr'>tentes</span> <span class='ocrx_word' id='word_1_36' title='bbox 610 1470 687 1536; x_wconf 90' lang='lat' dir='ltr'>deos</span> <span class='ocrx_word' id='word_1_37' title='bbox 710 1493 792 1551; x_wconf 89' lang='lat' dir='ltr'>suos,</span> <span class='ocrx_word' id='word_1_38' title='bbox 818 1472 907 1557; x_wconf 90' lang='lat' dir='ltr'>quod</span> <span class='ocrx_word' id='word_1_39' title='bbox 929 1478 1070 1538; x_wconf 84' lang='lat' dir='ltr'>mortem</span> <span class='ocrx_word' id='word_1_40' title='bbox 1092 1472 1184 1538; x_wconf 88' lang='lat' dir='ltr'>illam</span> <span class='ocrx_word' id='word_1_41' title='bbox 1206 1495 1276 1539; x_wconf 88' lang='lat' dir='ltr'>non</span> <span class='ocrx_word' id='word_1_42' title='bbox 1303 1473 1530 1558; x_wconf 78' lang='lat' dir='ltr'>relinquerent</span> 
     </span>
     <span class='ocr_line' id='line_1_7' title="bbox 477 1574 1533 1661; baseline 0.002 -24"><span class='ocrx_word' id='word_1_43' title='bbox 477 1574 672 1660; x_wconf 78' lang='lat' dir='ltr'>inpunitam.</span> <span class='ocrx_word' id='word_1_44' title='bbox 713 1574 857 1640; x_wconf 90' lang='lat' dir='ltr'>Bernum</span> <span class='ocrx_word' id='word_1_45' title='bbox 880 1596 1010 1661; x_wconf 89' lang='lat' dir='ltr'>quoque</span> <span class='ocrx_word' id='word_1_46' title='bbox 1025 1578 1228 1654; x_wconf 78' lang='lat' dir='ltr'>venatorem,</span> <span class='ocrx_word' id='word_1_47' title='bbox 1243 1574 1302 1661; x_wconf 93' lang='lat' dir='ltr'>qui</span> <span class='ocrx_word' id='word_1_48' title='bbox 1321 1575 1358 1639; x_wconf 90' lang='lat' dir='ltr'>in</span> <span class='ocrx_word' id='word_1_49' title='bbox 1377 1575 1533 1639; x_wconf 87' lang='lat' dir='ltr'>navicula</span> 
     </span>
     <span class='ocr_line' id='line_1_8' title="bbox 479 1675 1532 1761; baseline 0.002 -22"><span class='ocrx_word' id='word_1_50' title='bbox 479 1675 582 1761; x_wconf 87' lang='lat' dir='ltr'>patris</span> <span class='ocrx_word' id='word_1_51' title='bbox 609 1676 661 1741; x_wconf 92' lang='lat' dir='ltr'>sui</span> <span class='ocrx_word' id='word_1_52' title='bbox 685 1676 874 1757; x_wconf 89' lang='lat' dir='ltr'>advenerat,</span> <span class='ocrx_word' id='word_1_53' title='bbox 900 1677 1146 1741; x_wconf 90' lang='lat' dir='ltr'>constituerunt</span> <span class='ocrx_word' id='word_1_54' title='bbox 1169 1677 1340 1743; x_wconf 86' lang='lat' dir='ltr'>ductorem</span> <span class='ocrx_word' id='word_1_55' title='bbox 1363 1698 1467 1756; x_wconf 90' lang='lat' dir='ltr'>suum,</span> <span class='ocrx_word' id='word_1_56' title='bbox 1491 1682 1532 1742; x_wconf 91' lang='lat' dir='ltr'>ut</span> 
     </span>
     <span class='ocr_line' id='line_1_9' title="bbox 480 1777 1533 1864; baseline 0.003 -23"><span class='ocrx_word' id='word_1_57' title='bbox 480 1798 514 1843; x_wconf 88' lang='lat' dir='ltr'>se</span> <span class='ocrx_word' id='word_1_58' title='bbox 538 1778 574 1842; x_wconf 92' lang='lat' dir='ltr'>in</span> <span class='ocrx_word' id='word_1_59' title='bbox 600 1799 711 1864; x_wconf 84' lang='lat' dir='ltr'>regem</span> <span class='ocrx_word' id='word_1_60' title='bbox 734 1777 949 1843; x_wconf 85' lang='lat' dir='ltr'>Edmuudum</span> <span class='ocrx_word' id='word_1_61' title='bbox 975 1777 1189 1843; x_wconf 88' lang='lat' dir='ltr'>vindicarent</span> <span class='ocrx_word' id='word_1_62' title='bbox 1235 1779 1285 1845; x_wconf 86' lang='lat' dir='ltr'>At</span> <span class='ocrx_word' id='word_1_63' title='bbox 1312 1777 1431 1844; x_wconf 87' lang='lat' dir='ltr'>deinde</span> <span class='ocrx_word' id='word_1_64' title='bbox 1454 1800 1533 1844; x_wconf 90' lang='lat' dir='ltr'>con-</span> 
     </span>
    </p>
   </div>
   <div class='ocr_carea' id='block_1_5' title="bbox 337 1877 1530 1967">
    <p class='ocr_par' dir='ltr' id='par_1_5' title="bbox 337 1877 1530 1967">
     <span class='ocr_line' id='line_1_10' title="bbox 337 1877 1530 1967; baseline 0.001 -22"><span class='ocrx_word' id='word_1_65' title='bbox 337 1877 354 1909; x_wconf 84' lang='lat'>¹¹</span> <span class='ocrx_word' id='word_1_66' title='bbox 479 1884 615 1967; x_wconf 84' lang='lat' dir='ltr'>gregato</span> <span class='ocrx_word' id='word_1_67' title='bbox 643 1881 788 1945; x_wconf 84' lang='lat' dir='ltr'>exercitu</span> <span class='ocrx_word' id='word_1_68' title='bbox 819 1880 958 1966; x_wconf 84' lang='lat' dir='ltr'>copioso,</span> <span class='ocrx_word' id='word_1_69' title='bbox 999 1902 1073 1945; x_wconf 89' lang='lat' dir='ltr'>eum</span> <span class='ocrx_word' id='word_1_70' title='bbox 1104 1879 1229 1967; x_wconf 86' lang='lat' dir='ltr'>viginti</span> <span class='ocrx_word' id='word_1_71' title='bbox 1259 1880 1394 1946; x_wconf 89' lang='lat' dir='ltr'>milibus</span> <span class='ocrx_word' id='word_1_72' title='bbox 1423 1903 1530 1946; x_wconf 85' lang='lat' dir='ltr'>arma-</span> 
     </span>
    </p>
   </div>
   <div class='ocr_carea' id='block_1_6' title="bbox 475 1982 1531 2357">
    <p class='ocr_par' dir='ltr' id='par_1_6' title="bbox 475 1982 1531 2357">
     <span class='ocr_line' id='line_1_11' title="bbox 477 1982 1531 2069; baseline 0.001 -22"><span class='ocrx_word' id='word_1_73' title='bbox 477 1987 585 2048; x_wconf 87' lang='lat' dir='ltr'>torum</span> <span class='ocrx_word' id='word_1_74' title='bbox 628 2005 717 2047; x_wconf 90' lang='lat' dir='ltr'>marc</span> <span class='ocrx_word' id='word_1_75' title='bbox 758 1982 906 2069; x_wconf 86' lang='lat' dir='ltr'>ingressi,</span> <span class='ocrx_word' id='word_1_76' title='bbox 948 2004 1062 2048; x_wconf 87' lang='lat' dir='ltr'>versus</span> <span class='ocrx_word' id='word_1_77' title='bbox 1102 1983 1268 2069; x_wconf 80' lang='lat' dir='ltr'>regionem</span> <span class='ocrx_word' id='word_1_78' title='bbox 1311 1982 1531 2049; x_wconf 81' lang='lat' dir='ltr'>Orientalium</span> 
     </span>
     <span class='ocr_line' id='line_1_12' title="bbox 477 2084 1531 2173; baseline 0.001 -24"><span class='ocrx_word' id='word_1_79' title='bbox 477 2086 662 2172; x_wconf 84' lang='lat' dir='ltr'>Anglcrum</span> <span class='ocrx_word' id='word_1_80' title='bbox 692 2084 766 2151; x_wconf 88' lang='lat' dir='ltr'>vela</span> <span class='ocrx_word' id='word_1_81' title='bbox 796 2085 991 2151; x_wconf 84' lang='lat' dir='ltr'>direxerunt</span> <span class='ocrx_word' id='word_1_82' title='bbox 1020 2089 1055 2150; x_wconf 90' lang='lat' dir='ltr'>et</span> <span class='ocrx_word' id='word_1_83' title='bbox 1084 2106 1186 2165; x_wconf 89' lang='lat' dir='ltr'>arma,</span> <span class='ocrx_word' id='word_1_84' title='bbox 1216 2090 1257 2150; x_wconf 93' lang='lat' dir='ltr'>ut</span> <span class='ocrx_word' id='word_1_85' title='bbox 1286 2106 1321 2150; x_wconf 86' lang='lat' dir='ltr'>se</span> <span class='ocrx_word' id='word_1_86' title='bbox 1351 2085 1388 2149; x_wconf 92' lang='lat' dir='ltr'>in</span> <span class='ocrx_word' id='word_1_87' title='bbox 1418 2107 1531 2173; x_wconf 88' lang='lat' dir='ltr'>regern</span> 
     </span>
     <span class='ocr_line' id='line_1_13' title="bbox 477 2187 1528 2273; baseline 0.002 -22"><span class='ocrx_word' id='word_1_88' title='bbox 477 2187 690 2255; x_wconf 90' lang='lat' dir='ltr'>Edmundum</span> <span class='ocrx_word' id='word_1_89' title='bbox 729 2188 769 2253; x_wconf 87' lang='lat' dir='ltr'>da</span> <span class='ocrx_word' id='word_1_90' title='bbox 802 2192 909 2253; x_wconf 89' lang='lat' dir='ltr'>morte</span> <span class='ocrx_word' id='word_1_91' title='bbox 945 2188 1004 2252; x_wconf 90' lang='lat' dir='ltr'>illa</span> <span class='ocrx_word' id='word_1_92' title='bbox 1040 2188 1174 2273; x_wconf 86' lang='lat' dir='ltr'>penitus</span> <span class='ocrx_word' id='word_1_93' title='bbox 1212 2188 1377 2253; x_wconf 82' lang='lat' dir='ltr'>insontem</span> <span class='ocrx_word' id='word_1_94' title='bbox 1418 2188 1528 2253; x_wconf 92' lang='lat' dir='ltr'>ultum</span> 
     </span>
     <span class='ocr_line' id='line_1_14' title="bbox 475 2288 1529 2357; baseline 0.001 -2"><span class='ocrx_word' id='word_1_95' title='bbox 475 2291 572 2357; x_wconf 89' lang='lat' dir='ltr'>irent.</span> <span class='ocrx_word' id='word_1_96' title='bbox 645 2292 883 2355; x_wconf 85' lang='lat' dir='ltr'>Verumtamen</span> <span class='ocrx_word' id='word_1_97' title='bbox 915 2288 1045 2356; x_wconf 84' lang='lat' dir='ltr'>ventis¹</span> <span class='ocrx_word' id='word_1_98' title='bbox 1077 2290 1114 2353; x_wconf 90' lang='lat' dir='ltr'>in</span> <span class='ocrx_word' id='word_1_99' title='bbox 1144 2289 1348 2355; x_wconf 88' lang='lat' dir='ltr'>contrarium</span> <span class='ocrx_word' id='word_1_100' title='bbox 1394 2289 1529 2356; x_wconf 83' lang='lat' dir='ltr'>classem</span> 
     </span>
    </p>
   </div>
   <div class='ocr_carea' id='block_1_7' title="bbox 445 2390 1528 2479">
    <p class='ocr_par' dir='ltr' id='par_1_7' title="bbox 445 2390 1528 2479">
     <span class='ocr_line' id='line_1_15' title="bbox 445 2390 1528 2479; baseline 0.001 -23"><span class='ocrx_word' id='word_1_101' title='bbox 445 2404 448 2409; x_wconf 87' lang='lat'>&#39;</span> <span class='ocrx_word' id='word_1_102' title='bbox 475 2392 722 2479; x_wconf 82' lang='lat' dir='ltr'>impellentibus</span> <span class='ocrx_word' id='word_1_103' title='bbox 747 2394 783 2457; x_wconf 93' lang='lat' dir='ltr'>in</span> <span class='ocrx_word' id='word_1_104' title='bbox 808 2392 921 2458; x_wconf 85' lang='lat' dir='ltr'>Scotia</span> <span class='ocrx_word' id='word_1_105' title='bbox 951 2391 1040 2479; x_wconf 91' lang='lat' dir='ltr'>apud</span> <span class='ocrx_word' id='word_1_106' title='bbox 1065 2390 1219 2456; x_wconf 89' lang='lat' dir='ltr'>Berewik</span> <span class='ocrx_word' id='word_1_107' title='bbox 1246 2413 1344 2479; x_wconf 90' lang='lat' dir='ltr'>super</span> <span class='ocrx_word' id='word_1_108' title='bbox 1372 2392 1528 2457; x_wconf 85' lang='lat' dir='ltr'>Twedam</span> 
     </span>
    </p>
   </div>
   <div class='ocr_carea' id='block_1_8' title="bbox 303 4251 460 4381">
    <p class='ocr_par' dir='ltr' id='par_1_8' title="bbox 303 4251 460 4381">
     <span class='ocr_line' id='line_1_16' title="bbox 303 4251 460 4321; baseline 0.019 -21"><span class='ocrx_word' id='word_1_109' title='bbox 303 4251 420 4318; x_wconf 71' lang='lat' dir='ltr'>magilis-</span> <span class='ocrx_word' id='word_1_110' title='bbox 445 4309 460 4321; x_wconf 24' lang='grc' dir='ltr'>,ἱ</span> 
     </span>
     <span class='ocr_line' id='line_1_17' title="bbox 305 4321 412 4381; baseline 0.028 -14"><span class='ocrx_word' id='word_1_111' title='bbox 305 4321 366 4381; x_wconf 86' lang='lat' dir='ltr'>dun,</span> <span class='ocrx_word' id='word_1_112' title='bbox 378 4321 412 4370; x_wconf 89' lang='grc' dir='ltr'>Λ.</span> 
     </span>
    </p>
   </div>
   <div class='ocr_carea' id='block_1_9' title="bbox 472 2493 1531 4318">
    <p class='ocr_par' dir='ltr' id='par_1_9' title="bbox 472 2493 1531 4318">
     <span class='ocr_line' id='line_1_18' title="bbox 475 2493 1531 2581; baseline 0 -22"><span class='ocrx_word' id='word_1_113' title='bbox 475 2494 633 2581; x_wconf 84' lang='lat' dir='ltr'>conrpulsi</span> <span class='ocrx_word' id='word_1_114' title='bbox 662 2499 741 2559; x_wconf 85' lang='lat' dir='ltr'>sunt</span> <span class='ocrx_word' id='word_1_115' title='bbox 765 2494 937 2581; x_wconf 84' lang='lat' dir='ltr'>applicare.</span> <span class='ocrx_word' id='word_1_116' title='bbox 992 2493 1063 2559; x_wconf 91' lang='lat' dir='ltr'>Ubi</span> <span class='ocrx_word' id='word_1_117' title='bbox 1093 2493 1320 2581; x_wconf 84' lang='lat' dir='ltr'>praescriptam</span> <span class='ocrx_word' id='word_1_118' title='bbox 1351 2494 1531 2580; x_wconf 89' lang='lat' dir='ltr'>depopula-</span> 
     </span>
     <span class='ocr_line' id='line_1_19' title="bbox 475 2595 1531 2681; baseline -0.002 -17"><span class='ocrx_word' id='word_1_119' title='bbox 475 2598 600 2664; x_wconf 85' lang='lat' dir='ltr'>tionem</span> <span class='ocrx_word' id='word_1_120' title='bbox 630 2596 832 2676; x_wconf 80' lang='lat' dir='ltr'>inchoantes,</span> <span class='ocrx_word' id='word_1_121' title='bbox 866 2596 1034 2663; x_wconf 86' lang='lat' dir='ltr'>saeviendo</span> <span class='ocrx_word' id='word_1_122' title='bbox 1067 2595 1190 2681; x_wconf 90' lang='lat' dir='ltr'>ubique</span> <span class='ocrx_word' id='word_1_123' title='bbox 1220 2595 1355 2662; x_wconf 89' lang='lat' dir='ltr'>tandem</span> <span class='ocrx_word' id='word_1_124' title='bbox 1386 2597 1430 2661; x_wconf 89' lang='lat' dir='ltr'>ad</span> <span class='ocrx_word' id='word_1_125' title='bbox 1452 2596 1531 2662; x_wconf 80' lang='lat' dir='ltr'>Est-</span> 
     </span>
     <span class='ocr_line' id='line_1_20' title="bbox 475 2697 1529 2787; baseline -0.001 -22"><span class='ocrx_word' id='word_1_126' title='bbox 475 2700 620 2787; x_wconf 84' lang='lat' dir='ltr'>angliam</span> <span class='ocrx_word' id='word_1_127' title='bbox 650 2704 882 2786; x_wconf 87' lang='lat' dir='ltr'>pervenerunt,</span> <span class='ocrx_word' id='word_1_128' title='bbox 915 2705 950 2764; x_wconf 92' lang='lat' dir='ltr'>et</span> <span class='ocrx_word' id='word_1_129' title='bbox 979 2697 1070 2784; x_wconf 91' lang='lat' dir='ltr'>apud</span> <span class='ocrx_word' id='word_1_130' title='bbox 1099 2699 1216 2764; x_wconf 86' lang='lat' dir='ltr'>villam</span> <span class='ocrx_word' id='word_1_131' title='bbox 1254 2720 1328 2783; x_wconf 75' lang='lat' dir='ltr'>quae</span> <span class='ocrx_word' id='word_1_132' title='bbox 1367 2698 1529 2764; x_wconf 72' lang='lat' dir='ltr'>&#39;fhetford</span> 
     </span>
     <span class='ocr_line' id='line_1_21' title="bbox 474 2799 1529 2886; baseline -0.001 -18"><span class='ocrx_word' id='word_1_133' title='bbox 474 2803 596 2868; x_wconf 86' lang='lat' dir='ltr'>dicitur</span> <span class='ocrx_word' id='word_1_134' title='bbox 623 2807 730 2867; x_wconf 86' lang='lat' dir='ltr'>castra</span> <span class='ocrx_word' id='word_1_135' title='bbox 756 2802 882 2881; x_wconf 88' lang='lat' dir='ltr'>metati,</span> <span class='ocrx_word' id='word_1_136' title='bbox 906 2822 1117 2886; x_wconf 88' lang='lat' dir='ltr'>quoscunque</span> <span class='ocrx_word' id='word_1_137' title='bbox 1143 2800 1347 2865; x_wconf 86' lang='lat' dir='ltr'>invenerunt</span> <span class='ocrx_word' id='word_1_138' title='bbox 1370 2799 1417 2865; x_wconf 92' lang='lat' dir='ltr'>ibi</span> <span class='ocrx_word' id='word_1_139' title='bbox 1438 2799 1529 2867; x_wconf 89' lang='lat' dir='ltr'>viros</span> 
     </span>
     <span class='ocr_line' id='line_1_22' title="bbox 474 2902 1529 2991; baseline -0.002 -20"><span class='ocrx_word' id='word_1_140' title='bbox 474 2927 513 2972; x_wconf 89' lang='lat' dir='ltr'>ac</span> <span class='ocrx_word' id='word_1_141' title='bbox 539 2905 693 2972; x_wconf 88' lang='lat' dir='ltr'>mulieres</span> <span class='ocrx_word' id='word_1_142' title='bbox 724 2904 760 2969; x_wconf 91' lang='lat' dir='ltr'>in</span> <span class='ocrx_word' id='word_1_143' title='bbox 787 2925 842 2969; x_wconf 89' lang='lat' dir='ltr'>ore</span> <span class='ocrx_word' id='word_1_144' title='bbox 871 2902 975 2991; x_wconf 87' lang='lat' dir='ltr'>gladii</span> <span class='ocrx_word' id='word_1_145' title='bbox 1008 2909 1223 2989; x_wconf 89' lang='lat' dir='ltr'>peremerunt.</span> <span class='ocrx_word' id='word_1_146' title='bbox 1270 2902 1423 2989; x_wconf 88' lang='lat' dir='ltr'>Denique</span> <span class='ocrx_word' id='word_1_147' title='bbox 1452 2926 1529 2969; x_wconf 87' lang='lat' dir='ltr'>cum</span> 
     </span>
     <span class='ocr_line' id='line_1_23' title="bbox 474 3004 1529 3095; baseline -0.004 -21"><span class='ocrx_word' id='word_1_148' title='bbox 474 3009 521 3074; x_wconf 91' lang='lat' dir='ltr'>ibi</span> <span class='ocrx_word' id='word_1_149' title='bbox 560 3013 723 3095; x_wconf 89' lang='lat' dir='ltr'>tyrannus</span> <span class='ocrx_word' id='word_1_150' title='bbox 764 3006 930 3094; x_wconf 86' lang='lat' dir='ltr'>Hingwar</span> <span class='ocrx_word' id='word_1_151' title='bbox 967 3004 1193 3091; x_wconf 88' lang='lat' dir='ltr'>iniquissimus</span> <span class='ocrx_word' id='word_1_152' title='bbox 1231 3026 1273 3069; x_wconf 85' lang='lat' dir='ltr'>ex</span> <span class='ocrx_word' id='word_1_153' title='bbox 1310 3005 1529 3070; x_wconf 87' lang='lat' dir='ltr'>multitudino</span> 
     </span>
     <span class='ocr_line' id='line_1_24' title="bbox 473 3106 1530 3194; baseline 0 -20"><span class='ocrx_word' id='word_1_154' title='bbox 473 3111 720 3176; x_wconf 85' lang='lat' dir='ltr'>interfectorum</span> <span class='ocrx_word' id='word_1_155' title='bbox 745 3130 839 3174; x_wconf 88' lang='lat' dir='ltr'>suam</span> <span class='ocrx_word' id='word_1_156' title='bbox 866 3107 1111 3194; x_wconf 89' lang='lat' dir='ltr'>aliquantulum</span> <span class='ocrx_word' id='word_1_157' title='bbox 1138 3106 1264 3172; x_wconf 89' lang='lat' dir='ltr'>rabiem</span> <span class='ocrx_word' id='word_1_158' title='bbox 1294 3113 1530 3188; x_wconf 84' lang='lat' dir='ltr'>exsaturasset,</span> 
     </span>
     <span class='ocr_line' id='line_1_25' title="bbox 474 3208 1529 3299; baseline -0.002 -21"><span class='ocrx_word' id='word_1_159' title='bbox 474 3213 632 3299; x_wconf 89' lang='lat' dir='ltr'>quosdam</span> <span class='ocrx_word' id='word_1_160' title='bbox 659 3212 804 3298; x_wconf 87' lang='lat' dir='ltr'>plebeios</span> <span class='ocrx_word' id='word_1_161' title='bbox 830 3210 980 3286; x_wconf 89' lang='lat' dir='ltr'>advocat,</span> <span class='ocrx_word' id='word_1_162' title='bbox 1003 3231 1085 3294; x_wconf 90' lang='lat' dir='ltr'>quos</span> <span class='ocrx_word' id='word_1_163' title='bbox 1123 3208 1234 3296; x_wconf 87' lang='lat' dir='ltr'>gladio</span> <span class='ocrx_word' id='word_1_164' title='bbox 1261 3229 1321 3274; x_wconf 89' lang='lat' dir='ltr'>suo</span> <span class='ocrx_word' id='word_1_165' title='bbox 1356 3209 1529 3276; x_wconf 85' lang='lat' dir='ltr'>iudicabat</span> 
     </span>
     <span class='ocr_line' id='line_1_26' title="bbox 474 3310 1528 3401; baseline -0.003 -22"><span class='ocrx_word' id='word_1_166' title='bbox 474 3315 640 3401; x_wconf 86' lang='lat' dir='ltr'>indignos,</span> <span class='ocrx_word' id='word_1_167' title='bbox 665 3317 765 3400; x_wconf 87' lang='lat' dir='ltr'>atque</span> <span class='ocrx_word' id='word_1_168' title='bbox 790 3313 849 3378; x_wconf 90' lang='lat' dir='ltr'>ubi</span> <span class='ocrx_word' id='word_1_169' title='bbox 879 3333 940 3377; x_wconf 84' lang='lat' dir='ltr'>rex</span> <span class='ocrx_word' id='word_1_170' title='bbox 971 3333 1084 3378; x_wconf 90' lang='lat' dir='ltr'>eorum</span> <span class='ocrx_word' id='word_1_171' title='bbox 1115 3310 1312 3376; x_wconf 83' lang='lat' dir='ltr'>Edmundus</span> <span class='ocrx_word' id='word_1_172' title='bbox 1337 3316 1418 3377; x_wconf 90' lang='lat' dir='ltr'>tunc</span> <span class='ocrx_word' id='word_1_173' title='bbox 1442 3317 1528 3378; x_wconf 90' lang='lat' dir='ltr'>tern-</span> 
     </span>
     <span class='ocr_line' id='line_1_27' title="bbox 472 3411 1528 3503; baseline -0.001 -23"><span class='ocrx_word' id='word_1_174' title='bbox 472 3418 560 3503; x_wconf 84' lang='lat' dir='ltr'>pon‘s</span> <span class='ocrx_word' id='word_1_175' title='bbox 598 3417 704 3482; x_wconf 85' lang='lat' dir='ltr'>vitam</span> <span class='ocrx_word' id='word_1_176' title='bbox 742 3417 875 3480; x_wconf 88' lang='lat' dir='ltr'>duceret</span> <span class='ocrx_word' id='word_1_177' title='bbox 918 3414 1078 3479; x_wconf 87' lang='lat' dir='ltr'>sollicitus</span> <span class='ocrx_word' id='word_1_178' title='bbox 1122 3412 1356 3499; x_wconf 81' lang='lat' dir='ltr'>investigabat.</span> <span class='ocrx_word' id='word_1_179' title='bbox 1418 3411 1528 3480; x_wconf 80' lang='lat' dir='ltr'>Fama</span> 
     </span>
     <span class='ocr_line' id='line_1_28' title="bbox 473 3515 1528 3604; baseline -0.002 -21"><span class='ocrx_word' id='word_1_180' title='bbox 473 3540 616 3604; x_wconf 85' lang='lat' dir='ltr'>namque</span> <span class='ocrx_word' id='word_1_181' title='bbox 646 3519 787 3582; x_wconf 90' lang='lat' dir='ltr'>adeum</span> <span class='ocrx_word' id='word_1_182' title='bbox 816 3521 1020 3604; x_wconf 88' lang='lat' dir='ltr'>pervenerat,</span> <span class='ocrx_word' id='word_1_183' title='bbox 1052 3515 1140 3601; x_wconf 92' lang='lat' dir='ltr'>quod</span> <span class='ocrx_word' id='word_1_184' title='bbox 1169 3515 1337 3600; x_wconf 88' lang='lat' dir='ltr'>piissimus</span> <span class='ocrx_word' id='word_1_185' title='bbox 1367 3536 1428 3580; x_wconf 85' lang='lat' dir='ltr'>rex</span> <span class='ocrx_word' id='word_1_186' title='bbox 1459 3517 1528 3582; x_wconf 85' lang='lat' dir='ltr'>Ed-</span> 
     </span>
     <span class='ocr_line' id='line_1_29' title="bbox 473 3617 1528 3695; baseline -0.001 -9"><span class='ocrx_word' id='word_1_187' title='bbox 473 3621 616 3686; x_wconf 89' lang='lat' dir='ltr'>mundus</span> <span class='ocrx_word' id='word_1_188' title='bbox 646 3619 773 3685; x_wconf 87' lang='lat' dir='ltr'>viribus</span> <span class='ocrx_word' id='word_1_189' title='bbox 804 3623 838 3684; x_wconf 92' lang='lat' dir='ltr'>et</span> <span class='ocrx_word' id='word_1_190' title='bbox 862 3618 963 3684; x_wconf 91' lang='lat' dir='ltr'>armis</span> <span class='ocrx_word' id='word_1_191' title='bbox 994 3623 1079 3683; x_wconf 87' lang='lat' dir='ltr'>esset</span> <span class='ocrx_word' id='word_1_192' title='bbox 1108 3622 1274 3695; x_wconf 87' lang='lat' dir='ltr'>strenuus,</span> <span class='ocrx_word' id='word_1_193' title='bbox 1304 3639 1342 3682; x_wconf 88' lang='lat' dir='ltr'>ac</span> <span class='ocrx_word' id='word_1_194' title='bbox 1369 3617 1404 3682; x_wconf 92' lang='lat' dir='ltr'>in</span> <span class='ocrx_word' id='word_1_195' title='bbox 1435 3621 1528 3685; x_wconf 89' lang='lat' dir='ltr'>omni</span> 
     </span>
     <span class='ocr_line' id='line_1_30' title="bbox 474 3720 1529 3810; baseline -0.005 -21"><span class='ocrx_word' id='word_1_196' title='bbox 474 3722 616 3810; x_wconf 89' lang='lat' dir='ltr'>corporis</span> <span class='ocrx_word' id='word_1_197' title='bbox 654 3721 856 3787; x_wconf 88' lang='lat' dir='ltr'>dimensione</span> <span class='ocrx_word' id='word_1_198' title='bbox 894 3721 994 3786; x_wconf 87' lang='lat' dir='ltr'>simul</span> <span class='ocrx_word' id='word_1_199' title='bbox 1031 3723 1066 3784; x_wconf 89' lang='lat' dir='ltr'>et</span> <span class='ocrx_word' id='word_1_200' title='bbox 1103 3720 1322 3807; x_wconf 86' lang='lat' dir='ltr'>prosperitate</span> <span class='ocrx_word' id='word_1_201' title='bbox 1360 3721 1529 3808; x_wconf 85' lang='lat' dir='ltr'>incompa-</span> 
     </span>
     <span class='ocr_line' id='line_1_31' title="bbox 474 3822 1529 3912; baseline -0.001 -21"><span class='ocrx_word' id='word_1_202' title='bbox 474 3827 607 3892; x_wconf 88' lang='lat' dir='ltr'>rabilis:</span> <span class='ocrx_word' id='word_1_203' title='bbox 638 3825 789 3912; x_wconf 89' lang='lat' dir='ltr'>quocirca</span> <span class='ocrx_word' id='word_1_204' title='bbox 812 3822 991 3888; x_wconf 87' lang='lat' dir='ltr'>festinabat</span> <span class='ocrx_word' id='word_1_205' title='bbox 1015 3843 1097 3908; x_wconf 86' lang='lat' dir='ltr'>quos</span> <span class='ocrx_word' id='word_1_206' title='bbox 1127 3822 1379 3909; x_wconf 89' lang='lat' dir='ltr'>circumquaque</span> <span class='ocrx_word' id='word_1_207' title='bbox 1402 3825 1529 3910; x_wconf 87' lang='lat' dir='ltr'>reperit</span> 
     </span>
     <span class='ocr_line' id='line_1_32' title="bbox 473 3924 1527 4012; baseline -0.004 -17"><span class='ocrx_word' id='word_1_208' title='bbox 473 3930 546 3994; x_wconf 88' lang='lat' dir='ltr'>neci</span> <span class='ocrx_word' id='word_1_209' title='bbox 575 3929 714 4006; x_wconf 87' lang='lat' dir='ltr'>tradere,</span> <span class='ocrx_word' id='word_1_210' title='bbox 754 3948 796 3990; x_wconf 90' lang='lat' dir='ltr'>ne</span> <span class='ocrx_word' id='word_1_211' title='bbox 833 3924 939 3991; x_wconf 89' lang='lat' dir='ltr'>multo</span> <span class='ocrx_word' id='word_1_212' title='bbox 977 3925 1119 4012; x_wconf 88' lang='lat' dir='ltr'>stipatus</span> <span class='ocrx_word' id='word_1_213' title='bbox 1149 3924 1295 3989; x_wconf 91' lang='lat' dir='ltr'>militum</span> <span class='ocrx_word' id='word_1_214' title='bbox 1325 3925 1456 4011; x_wconf 84' lang='lat' dir='ltr'>agmine</span> <span class='ocrx_word' id='word_1_215' title='bbox 1482 3928 1527 3992; x_wconf 86' lang='lat' dir='ltr'>ad</span> 
     </span>
     <span class='ocr_line' id='line_1_33' title="bbox 473 4027 1527 4119; baseline -0.004 -22"><span class='ocrx_word' id='word_1_216' title='bbox 473 4033 590 4119; x_wconf 88' lang='lat' dir='ltr'>patriae</span> <span class='ocrx_word' id='word_1_217' title='bbox 640 4029 862 4096; x_wconf 87' lang='lat' dir='ltr'>defensionem</span> <span class='ocrx_word' id='word_1_218' title='bbox 907 4027 1053 4092; x_wconf 87' lang='lat' dir='ltr'>sufficere</span> <span class='ocrx_word' id='word_1_219' title='bbox 1098 4027 1269 4113; x_wconf 85' lang='lat' dir='ltr'>potuisset</span> <span class='ocrx_word' id='word_1_220' title='bbox 1331 4027 1527 4093; x_wconf 89' lang='lat' dir='ltr'>Morabatur</span> 
     </span>
     <span class='ocr_line' id='line_1_34' title="bbox 473 4128 1525 4217; baseline -0.005 -18"><span class='ocrx_word' id='word_1_221' title='bbox 473 4141 584 4200; x_wconf 89' lang='lat' dir='ltr'>autem</span> <span class='ocrx_word' id='word_1_222' title='bbox 623 4154 660 4198; x_wconf 91' lang='lat' dir='ltr'>eo</span> <span class='ocrx_word' id='word_1_223' title='bbox 698 4135 844 4216; x_wconf 90' lang='lat' dir='ltr'>tempore</span> <span class='ocrx_word' id='word_1_224' title='bbox 874 4130 1035 4217; x_wconf 79' lang='lat' dir='ltr'>gloriosus</span> <span class='ocrx_word' id='word_1_225' title='bbox 1065 4149 1124 4192; x_wconf 83' lang='lat' dir='ltr'>rex</span> <span class='ocrx_word' id='word_1_226' title='bbox 1158 4133 1193 4193; x_wconf 87' lang='lat' dir='ltr'>et</span> <span class='ocrx_word' id='word_1_227' title='bbox 1226 4128 1359 4193; x_wconf 89' lang='lat' dir='ltr'>futurus</span> <span class='ocrx_word' id='word_1_228' title='bbox 1395 4134 1525 4214; x_wconf 85' lang='lat' dir='ltr'>martyr</span> 
     </span>
     <span class='ocr_line' id='line_1_35' title="bbox 474 4229 1524 4318; baseline -0.005 -18"><span class='ocrx_word' id='word_1_229' title='bbox 474 4236 670 4301; x_wconf 86' lang='lat' dir='ltr'>Edmundus</span> <span class='ocrx_word' id='word_1_230' title='bbox 695 4233 731 4297; x_wconf 91' lang='lat' dir='ltr'>in</span> <span class='ocrx_word' id='word_1_231' title='bbox 752 4231 834 4298; x_wconf 89' lang='lat' dir='ltr'>villa</span> <span class='ocrx_word' id='word_1_232' title='bbox 859 4232 951 4318; x_wconf 84' lang='lat' dir='ltr'>regia</span> <span class='ocrx_word' id='word_1_233' title='bbox 974 4253 1049 4317; x_wconf 78' lang='lat' dir='ltr'>quac</span> <span class='ocrx_word' id='word_1_234' title='bbox 1076 4229 1317 4295; x_wconf 90' lang='lat' dir='ltr'>Heilesdonum</span> <span class='ocrx_word' id='word_1_235' title='bbox 1344 4231 1524 4311; x_wconf 87' lang='lat' dir='ltr'>dicebatur,</span> 
     </span>
    </p>
   </div>
   <div class='ocr_carea' id='block_1_10' title="bbox 473 4331 1525 4526">
    <p class='ocr_par' dir='ltr' id='par_1_10' title="bbox 473 4331 1525 4526">
     <span class='ocr_line' id='line_1_36' title="bbox 473 4331 1524 4422; baseline -0.004 -20"><span class='ocrx_word' id='word_1_236' title='bbox 473 4360 494 4402; x_wconf 89' lang='lat' dir='ltr'>a</span> <span class='ocrx_word' id='word_1_237' title='bbox 515 4359 581 4422; x_wconf 86' lang='lat' dir='ltr'>qua</span> <span class='ocrx_word' id='word_1_238' title='bbox 602 4343 637 4402; x_wconf 88' lang='lat' dir='ltr'>et</span> <span class='ocrx_word' id='word_1_239' title='bbox 656 4337 741 4402; x_wconf 89' lang='lat' dir='ltr'>silva</span> <span class='ocrx_word' id='word_1_240' title='bbox 764 4356 838 4420; x_wconf 87' lang='lat' dir='ltr'>quae</span> <span class='ocrx_word' id='word_1_241' title='bbox 853 4333 963 4400; x_wconf 87' lang='lat' dir='ltr'>vicina</span> <span class='ocrx_word' id='word_1_242' title='bbox 980 4338 1031 4397; x_wconf 86' lang='lat' dir='ltr'>est</span> <span class='ocrx_word' id='word_1_243' title='bbox 1051 4331 1165 4397; x_wconf 84' lang='lat' dir='ltr'>ecdem</span> <span class='ocrx_word' id='word_1_244' title='bbox 1185 4333 1317 4397; x_wconf 89' lang='lat' dir='ltr'>nomine</span> <span class='ocrx_word' id='word_1_245' title='bbox 1332 4333 1524 4419; x_wconf 85' lang='lat' dir='ltr'>appellatur,</span> 
     </span>
     <span class='ocr_line' id='line_1_37' title="bbox 474 4433 1525 4526; baseline -0.002 -21"><span class='ocrx_word' id='word_1_246' title='bbox 474 4444 513 4505; x_wconf 90' lang='lat' dir='ltr'>ut</span> <span class='ocrx_word' id='word_1_247' title='bbox 536 4461 556 4502; x_wconf 93' lang='lat' dir='ltr'>a</span> <span class='ocrx_word' id='word_1_248' title='bbox 578 4439 679 4526; x_wconf 87' lang='lat' dir='ltr'>vulgo</span> <span class='ocrx_word' id='word_1_249' title='bbox 702 4439 870 4524; x_wconf 87' lang='lat' dir='ltr'>acceperat</span> <span class='ocrx_word' id='word_1_250' title='bbox 893 4435 1005 4522; x_wconf 77' lang='lat' dir='ltr'>praedo</span> <span class='ocrx_word' id='word_1_251' title='bbox 1027 4433 1255 4519; x_wconf 84' lang='lat' dir='ltr'>nequissimus</span> <span class='ocrx_word' id='word_1_252' title='bbox 1303 4434 1402 4499; x_wconf 88' lang='lat' dir='ltr'>Unde</span> <span class='ocrx_word' id='word_1_253' title='bbox 1418 4435 1525 4503; x_wconf 87' lang='lat' dir='ltr'>accito</span> 
     </span>
    </p>
   </div>
   <div class='ocr_carea' id='block_1_11' title="bbox 521 4652 1447 4666">
    <p class='ocr_par' dir='ltr' id='par_1_11' title="bbox 521 4652 1447 4666">
     <span class='ocr_line' id='line_1_38' title="bbox 521 4652 1447 4666; baseline -0.003 -3"><span class='ocrx_word' id='word_1_254' title='bbox 521 4658 678 4666; x_wconf 79' lang='lat'><em>......—-</em></span> <span class='ocrx_word' id='word_1_255' title='bbox 693 4653 984 4663; x_wconf 71' lang='lat'>...—.-.—-..-—-—.-—</span> <span class='ocrx_word' id='word_1_256' title='bbox 1006 4653 1059 4658; x_wconf 82' lang='grc'>--</span> <span class='ocrx_word' id='word_1_257' title='bbox 1079 4652 1346 4660; x_wconf 49' lang='grc' dir='ltr'>-ᾑ--υ---η</span> <span class='ocrx_word' id='word_1_258' title='bbox 1373 4653 1447 4661; x_wconf 65' lang='lat' dir='ltr'>-..n-.-</span> 
     </span>
    </p>
   </div>
   <div class='ocr_carea' id='block_1_12' title="bbox 825 4783 1115 4852">
    <p class='ocr_par' dir='ltr' id='par_1_12' title="bbox 825 4783 1115 4852">
     <span class='ocr_line' id='line_1_39' title="bbox 825 4783 1115 4852; baseline -0.007 -18"><span class='ocrx_word' id='word_1_259' title='bbox 825 4786 831 4816; x_wconf 86' lang='lat'><strong>¹</strong></span> <span class='ocrx_word' id='word_1_260' title='bbox 845 4785 934 4852; x_wconf 68' lang='lat' dir='ltr'>meis]</span> <span class='ocrx_word' id='word_1_261' title='bbox 948 4792 1046 4844; x_wconf 60' lang='lat' dir='ltr'>nnius,</span> <span class='ocrx_word' id='word_1_262' title='bbox 1057 4783 1115 4835; x_wconf 82' lang='lat' dir='ltr'>MS.</span> 
     </span>
    </p>
   </div>
   <div class='ocr_carea' id='block_1_13' title="bbox 0 0 1776 5800">
    <p class='ocr_par' dir='ltr' id='par_1_13' title="bbox 0 0 1776 5800">
     <span class='ocr_line' id='line_1_40' title="bbox 0 0 1776 5800; baseline 0 2"><span class='ocrx_word' id='word_1_263' title='bbox 0 0 1776 5800; x_wconf 95' lang='lat' dir='ltr'> </span> 
     </span>
    </p>
   </div>
  </div>
 </body>
</html>
