3542 5800
458 829 501 889 52
727 838 795 887 luc.
820 838 867 886 nn
890 836 1022 886 crasse.
1046 836 1136 885 senc.
1160 834 1246 887 urar.

458 1023 573 1101 insula,
598 1022 691 1089 cuius
714 1021 831 1087 incolae
858 1018 935 1086 talis
962 1024 1071 1085 essent
1097 1024 1255 1107 aspectus.
1315 1021 1441 1087 Rursus
1466 1022 1516 1086 in·

458 1126 651 1213 terrogavit,
673 1128 789 1189 utrum
818 1122 920 1187 iidem
949 1122 1094 1188 insulani
1119 1122 1299 1189 Christiani
1330 1129 1446 1203 essent,
1472 1146 1516 1189 an

458 1228 596 1315 paganis
626 1227 733 1291 adhuc
763 1226 928 1291 erroribus
959 1230 1068 1291 essent
1098 1226 1257 1313 inplicati.
1313 1227 1515 1313 Dictumque

458 1336 517 1409 est,
539 1331 628 1416 quod
647 1333 757 1395 essent
778 1328 905 1415 pagani.
952 1328 1000 1393 At
1023 1327 1079 1393 ille
1101 1328 1220 1394 intimo
1238 1350 1281 1394 ex
1300 1328 1395 1395 corde
1418 1330 1516 1415 longa

458 1434 593 1498 trahens
616 1432 776 1519 suspiria:
803 1438 821 1465 “
834 1430 920 1508 Heu,
936 1453 996 1518 pro
1020 1429 1141 1511 dolor,”
1160 1431 1278 1519 inquit,
1305 1433 1423 1518 “quod
1445 1436 1515 1499 tam

458 1537 559 1602 lucidi
598 1536 713 1601 vultus
755 1534 904 1599 homines
951 1534 1163 1599 tenebrarum
1201 1543 1318 1599 auctor
1362 1535 1514 1621 possidet,

458 1645 619 1725 tantaque
642 1637 838 1723 frontispicii
868 1636 976 1723 gratia
1003 1642 1148 1702 mentem
1175 1636 1217 1701 ab
1247 1638 1381 1703 interna
1406 1638 1516 1724 gratia

458 1764 598 1807 vacuam
620 1746 730 1829 gestat
740 1739 767 1805 l''
813 1740 941 1805 Rursus
963 1760 1041 1825 ergo
1064 1739 1290 1827 interrogavit,
1315 1739 1403 1825 quod
1429 1744 1515 1805 esset

458 1844 656 1911 vocabulum
685 1844 796 1929 gentis
825 1842 923 1907 illius.
981 1842 1187 1929 Responsum
1218 1848 1278 1923 est,
1302 1842 1390 1927 quod
1412 1842 1515 1927 Angli

458 1952 665 2013 vocarentur.
717 1946 766 2011 At
789 1944 853 2025 ille,
878 1941 1026 2022 “Bene''
1049 1945 1166 2031 inquit,
1193 1942 1358 2031 “Angli¹;
1381 1966 1457 2009 nam
1481 1950 1515 2008 et

458 2050 639 2135 angelicam
662 2048 786 2114 habent
816 2048 941 2127 faciem,
970 2050 1004 2111 et
1033 2048 1117 2112 tales
1141 2049 1332 2135 angelorum
1362 2049 1399 2113 in
1425 2048 1514 2113 coelis

459 2152 553 2216 decet
582 2172 651 2215 esse
685 2149 864 2215 coheredes
928 2148 1024 2229 Quod
1055 2150 1157 2215 habet
1186 2172 1307 2215 nomen
1337 2150 1410 2237 ipsa
1441 2170 1513 2236 pro-

458 2253 568 2318 vincia
591 2252 632 2316 de
656 2274 721 2336 qua
743 2251 800 2315 isti
823 2256 904 2314 sunt
930 2250 1077 2316 allatil''
1123 2252 1330 2340 Responsum
1353 2257 1412 2331 est,
1437 2252 1515 2337 quia

459 2362 478 2391 “
490 2355 583 2419 Deiri
592 2354 612 2378 ’'
627 2358 824 2419 vocarentur
838 2353 939 2418 iidem
954 2354 1178 2439 provinciales.
1219 2354 1269 2421 At
1283 2355 1347 2436 ille,
1365 2362 1384 2389 “
1396 2352 1514 2431 Bene‚''

458 2459 577 2543 inquit,
602 2456 737 2533 “Deiri,
762 2456 857 2542 quasi
880 2456 922 2521 de
945 2457 995 2521 ira
1017 2458 1112 2535 eruti,
1137 2460 1171 2521 et
1194 2454 1236 2525 nd
1259 2458 1512 2521 misericordiam

460 2560 585 2626 Christi
611 2559 727 2624 vocati.
790 2558 864 2623 Rex
894 2558 1076 2646 provinciae
1103 2560 1192 2627 illius
1219 2559 1382 2645 quomodo
1404 2559 1514 2645 appel-

457 2664 548 2727 latur
557 2660 588 2725 l’'
634 2661 839 2749 Responsum
855 2666 914 2739 est,
932 2662 1020 2746 quod
1037 2668 1055 2696 “
1067 2660 1159 2726 Elle''
1174 2662 1344 2727 diceretur.
1390 2662 1439 2725 At
1459 2661 1514 2725 ille

457 2764 606 2829 alludens
628 2764 814 2828 adnomen
845 2764 913 2828 ait:
939 2763 1143 2851 “Alleluyal
1173 2765 1305 2829 laudem
1328 2764 1390 2829 Dei
1416 2763 1513 2829 Orea—

456 2867 537 2933 toris
564 2866 629 2931 illis
660 2866 696 2931 in
726 2865 877 2953 partibus
908 2872 1038 2952 oportet
1069 2865 1223 2934 cantari'’
1281 2868 1512 2954 Accedensque

456 2971 499 3036 ad
520 2970 710 3058 pontificem
727 2970 884 3036 Romanae
908 2969 1111 3057 apostolicae²
1134 2971 1219 3040 sedis
1243 2971 1402 3055 (nondum
1425 2971 1511 3034 enim

456 3080 527 3139 erat
549 3076 618 3161 ipse
640 3073 791 3160 pontifex
812 3071 935 3159 factus)
958 3073 1089 3158 rogavit
1109 3077 1148 3138 ut
1170 3073 1258 3160 genti
1277 3073 1461 3160 Anglorum
1477 3073 1513 3137 in

457 3177 667 3242 Britanniam
690 3177 817 3260 aliquos
840 3175 934 3240 verbi
958 3174 1126 3240 ministros
1148 3197 1208 3261 per
1230 3197 1312 3260 quos
1335 3175 1378 3240 ad
1403 3175 1512 3240 Chris-

458 3286 530 3344 tum
553 3277 843 3344 converterentur³
866 3277 1025 3358 mitteret,
1042 3279 1187 3365 seipsum
1208 3281 1364 3364 paratum
1386 3299 1455 3343 esse
1476 3278 1512 3342 in

456 3381 517 3445 hoc
547 3401 628 3466 opus
658 3379 803 3444 Domino
833 3383 1029 3465 cooperante
1059 3381 1301 3467 perficiendum,
1334 3379 1362 3443 si
1399 3383 1513 3444 tamen

457 3481 635 3568 apostolico
672 3503 765 3566 papae
803 3481 865 3545 hoc
895 3486 935 3546 ut
972 3482 1066 3546 fieret
1103 3483 1254 3568 placeret.
1302 3481 1398 3562 Quod
1432 3481 1511 3545 dum

456 3583 611 3670 perficere
640 3604 708 3647 non
738 3587 855 3669 posset,
880 3584 960 3668 quia
983 3583 1047 3648 etsi
1077 3583 1229 3669 pontifex
1260 3583 1434 3648 concedere
1464 3583 1513 3646 illi

457 3684 545 3772 quod
574 3686 717 3771 petierat
739 3685 855 3765 voluit,
880 3706 948 3749 non
971 3690 1082 3750 tamen
1105 3685 1193 3750 cives
1216 3685 1357 3751 Romani
1380 3690 1512 3750 uttam

455 3788 553 3874 longe
575 3787 618 3852 ab
641 3787 723 3852 urbe
746 3788 909 3852 secederet
930 3791 1111 3874 potuerunt
1132 3789 1341 3874 permittere3
1373 3809 1452 3852 mox
1473 3791 1513 3851 ut

456 3893 525 3977 ipse
563 3891 775 3978 pontificatus
805 3889 909 3955 officio
947 3889 1080 3954 functus
1109 3895 1169 3970 est,
1192 3891 1329 3976 perfecit
1351 3911 1433 3977 opus
1455 3890 1513 3954 diu

456 3993 685 4072 desideratum,
701 3992 783 4057 alios
803 3991 937 4077 quidem
960 3991 1189 4078 praedicatores
1203 3994 1347 4071 mittens,
1365 3993 1422 4056 sed
1444 3992 1514 4077 ipse

458 4096 723 4186 praedicationem
754 4101 794 4160 ut
822 4094 1037 4158 fructificaret
1065 4095 1133 4159 suis
1164 4095 1449 4160 exhortationibus
1475 4116 1513 4160 ac

458 4198 609 4285 precibus
639 4199 806 4264 adiuvans,
854 4199 949 4263 Misit
975 4221 1051 4284 ergo
1076 4199 1193 4265 beatus
1223 4223 1309 4287 papa
1335 4199 1514 4286 Gregorius

459 4321 591 4365 servum
622 4300 686 4364 Dei
717 4298 956 4386 Augustinum,
990 4303 1074 4366 sicut
1110 4301 1336 4388 praediximus,
1367 4306 1401 4366 et
1431 4301 1514 4366 alios

491 4654 497 4682 ¹
516 4650 604 4718 Angla]
623 4667 673 4701 om.
690 4651 753 4701 Bed.
1045 4653 1275 4719 ’concalerentnd
1317 4659 1513 4714 converteretur,

489 4729 665 4796 2ιιροεῐοίῐσιε]
684 4738 709 4780 et
726 4730 877 4794 apostoliea,
895 4730 956 4779 Bcd.
1011 4731 1070 4780 Bed.
