3542 5800
479 890 523 958 60
740 908 806 959 mc.
831 908 878 956 os
900 906 1034 958 omnus.
1058 906 1147 959 snsc.
1172 906 1259 959 mss.

478 1096 520 1160 de
543 1095 665 1160 eisdem
688 1094 839 1181 putribus
862 1094 904 1159 de
926 1093 1046 1180 quibus
1068 1095 1198 1181 praefati
1229 1115 1341 1159 sumus
1374 1095 1527 1159 novimus

478 1200 648 1284 scriptum,
694 1197 782 1284 quod
828 1197 1040 1263 dividebatur
1083 1198 1220 1285 singulis
1266 1201 1366 1283 prout
1410 1197 1527 1281 cuique

309 1316 388 1367 Their
397 1318 443 1368 sti-
478 1322 560 1385 opus
590 1304 669 1365 erat.
716 1300 769 1365 De
801 1320 916 1365 eorum
947 1321 1075 1386 quoquc
1112 1300 1278 1387 stipendio
1316 1298 1528 1386 cogitandum

308 1386 580 1503 ffiffldossnsssgatque
615 1402 857 1489 providendum
895 1406 954 1481 est,
994 1408 1028 1468 et
1064 1403 1126 1469 sub
1164 1401 1381 1467 ecclesiastica
1417 1400 1530 1487 regula

477 1510 556 1571 sunt
593 1505 737 1582 tenendi,
769 1511 809 1570 ut
846 1505 942 1570 bonis
972 1505 1118 1571 moribus
1146 1505 1267 1571 vivant
1303 1510 1338 1569 et
1375 1504 1529 1569 canendis

477 1606 613 1693 psalmis
646 1607 834 1693 invigilent,
864 1614 900 1673 et
934 1608 977 1673 ab
1010 1608 1162 1673 omnibus
1193 1607 1318 1672 illicitis
1348 1612 1383 1672 et
1413 1628 1468 1672 cor
1497 1610 1530 1670 et

344 1786 347 1791 ,
477 1710 625 1798 linguam
648 1715 683 1775 et
704 1732 820 1797 corpus
843 1709 915 1775 Deo
938 1715 1071 1775 auctore
1103 1715 1305 1775 conservent.
1352 1708 1529 1774 Communi

225 1797 229 1805 ⁵
477 1819 589 1879 autem
623 1814 696 1878 vita
728 1812 922 1878 viventibus
959 1814 1025 1878 iam
1056 1812 1097 1878 de
1131 1812 1288 1879 faciendis
1321 1811 1530 1898 portionibus

476 1916 532 1981 vel
554 1914 742 1981 exhibenda
764 1915 991 2002 hospitalitate
1016 1920 1050 1981 ct
1072 1914 1284 2002 adimplenda
1307 1913 1530 1979 misericordia

477 2019 573 2083 nobis
597 2018 680 2105 quid
710 2018 775 2082 erit
801 2018 1029 2105 loquendum?
1051 2041 1125 2084 cum
1150 2040 1246 2083 omne
1271 2016 1359 2103 quod
1383 2020 1531 2103 superest

479 2121 516 2184 in
546 2122 651 2185 causis
686 2120 752 2207 piis
781 2143 819 2187 ac
849 2121 1011 2207 religiosis
1046 2122 1248 2209 erogandum
1280 2126 1353 2201 est3
1388 2118 1531 2186 Domino

481 2222 643 2308 Magistro
666 2223 815 2288 omnium
838 2223 999 2289 docente:
1032 2224 1129 2304 Quod
1158 2228 1314 2312 superest,
1343 2222 1421 2287 date
1449 2222 1530 2287 elee-

481 2346 663 2409 mosynam,
687 2328 722 2389 et
745 2346 817 2390 ecce
839 2328 951 2390 omnia
973 2326 1098 2391 munda
1118 2332 1200 2391 sunt
1220 2324 1342 2391 vobis.''

311 2432 334 2478 2·
348 2424 453 2477 Mum.
525 2424 759 2511 Interrogatio
796 2425 884 2493 beati
921 2427 1142 2515 Auymrini}
1207 2435 1225 2464 “
1242 2427 1312 2494 Cur
1348 2449 1423 2493 cum
1465 2446 1533 2490 una

481 2526 600 2594 scitur²
621 2529 714 2611 fides,
746 2535 827 2595 sunt
859 2530 1069 2597 ecclesiarum
1103 2530 1242 2598 diversae
1273 2528 1532 2607 consuetudines,

482 2635 517 2696 et
553 2630 660 2697 altera
696 2633 899 2699 consuetudo
937 2635 1111 2701 missarum
1156 2634 1193 2698 in
1230 2638 1347 2700 sancta
1383 2632 1534 2698 Romana

481 2734 615 2800 ecclesia
637 2739 737 2822 atque
759 2736 866 2802 altera
888 2736 924 2801 in
947 2736 1058 2802 Gallia
1081 2741 1216 2803 tenetur
1226 2734 1257 2800 l''

525 2837 715 2926 Responsio
746 2837 834 2905 boati
865 2838 1028 2926 Gregorii.
1078 2839 1219 2906 “Novit
1249 2837 1444 2906 fraternitas
1474 2840 1535 2903 tua

482 2939 640 3008 Romame
674 2942 816 3009 ecclesiae
849 2943 1128 3022 consuetudinem,
1152 2944 1189 3007 in
1219 2965 1286 3028 qua
1319 2965 1353 3007 se
1384 2941 1536 3007 meminit

479 3046 652 3112 nutritam
708 3045 775 3112 Sed
804 3045 888 3112 mihi
917 3045 1034 3132 placet,
1059 3051 1098 3112 ut
1121 3046 1191 3112 sive
1222 3046 1259 3110 in
1283 3045 1440 3123 Romana,
1465 3045 1534 3108 sive

479 3149 515 3212 in
539 3148 731 3230 Gallicurm,
762 3170 821 3214 seu
852 3149 889 3213 in
922 3148 1070 3235 qualibet
1104 3148 1246 3230 ecclesia,
1279 3148 1405 3234 aliquid
1437 3141 1536 3212 ‘inve-

481 3250 564 3316 nisti
594 3250 683 3337 quod
714 3250 788 3338 plus
811 3249 1043 3337 Omnipotenti
1077 3251 1150 3318 Deo
1185 3250 1288 3338 possit
1310 3249 1447 3338 placere,
1472 3248 1533 3313 sol-

482 3350 572 3416 licite
601 3353 712 3438 eligas,
744 3358 779 3418 et
807 3353 845 3417 in
874 3353 1060 3440 Anglorum
1095 3354 1236 3434 ecclesia,
1260 3375 1335 3439 quse
1359 3352 1467 3419 adhuc
1493 3351 1536 3416 ad

483 3454 583 3519 fidem
615 3478 705 3522 nova
726 3461 787 3538 est,
812 3455 1024 3524 institutione
1057 3443 1229 3546 praecipua,
1257 3480 1332 3544 quse
1355 3456 1396 3522 de
1419 3455 1535 3521 multis

483 3557 625 3624 ecclesiis
655 3559 808 3646 colligere
837 3561 986 3646 potuisti,
1016 3560 1179 3627 infundas.
1241 3559 1319 3625 Non
1351 3559 1440 3626 euim
1477 3580 1536 3646 pro

483 3659 561 3724 locis
583 3682 644 3741 res,
669 3661 726 3726 sed
757 3685 816 3749 pro
838 3662 935 3730 bonis
957 3664 1056 3730 rebus
1078 3663 1150 3730 loca
1172 3663 1316 3730 amanda
1338 3667 1425 3729 sunt.
1483 3661 1536 3726 Ex

483 3762 623 3850 singulis
649 3764 833 3853 quibusque
864 3766 1014 3846 ecclesiis,
1046 3789 1119 3853 ques
1157 3769 1221 3855 pia,
1261 3787 1336 3854 quae
1373 3763 1535 3851 religiosa,

484 3888 559 3954 quas
590 3873 681 3935 recta
713 3874 794 3935 sunt
829 3869 924 3957 elige,
963 3875 999 3936 ct
1035 3871 1105 3936 haec
1142 3869 1237 3957 qussi
1274 3870 1311 3935 in
1348 3867 1537 3934 fasciculum

485 3971 624 4038 collecta
667 3973 757 4060 apud
794 3973 979 4061 anglorum
1017 3978 1145 4040 ruentes
1189 3971 1225 4038 in
1265 3971 1536 4039 consuetudinem

487 4075 642 4162 depone.''

532 4177 765 4265 Interrogata
790 4177 878 4246 beuti
901 4177 1109 4267 Augustini.
1156 4179 1333 4246 “Obsecro
1356 4177 1437 4264 quid
1466 4175 1538 4265 pati

373 4272 381 4287 ’
488 4279 595 4358 debet,
620 4281 649 4347 si
671 4283 745 4368 quis
766 4281 894 4369 aliquid
917 4283 958 4349 de
980 4283 1115 4349 ecclesia
1136 4281 1225 4349 furto
1248 4277 1472 4349 abstuleritl”

1238 4509 1517 4534 —0—-·-·-·-··⁴-'‘

519 4713 526 4745 ¹
542 4713 689 4781 Amnem]
702 4713 737 4766 Et
747 4714 825 4766 altera
833 4715 988 4766 consuetudo
1070 4714 1080 4745 ²
1096 4713 1185 4781 scitur]
1204 4713 1245 4777 sit,
1262 4713 1324 4766 Bed

484 4794 625 4856 micarum,
636 4795 724 4846 erased
739 4794 767 4844 in
784 4793 841 4846 MS.
