3542 5800
468 914 515 963 nn
538 914 654 963 nasus
676 909 797 963 uranu
819 912 1004 963 uuna-11.
1028 896 1078 967 ¹70.
1236 898 1301 963 369

259 1100 417 1165 orationis
453 1100 622 1167 mediante
659 1104 772 1167 sancto
806 1098 984 1165 Edmundo
1019 1098 1203 1187 profuderit
1234 1098 1301 1163 Ed-

259 1202 390 1268 wardus
411 1202 580 1281 libamina,
596 1202 670 1290 quis
691 1204 790 1292 digne
811 1202 943 1291 perfuri¹
967 1201 1127 1267 sufficiatl
1153 1201 1301 1267 Gratiam
1312 1229 1362 1281 His
1372 1232 1421 1295 35st

259 1302 445 1370 devotionis
475 1304 638 1371 exhibitio
671 1305 833 1393 approbat
867 1305 1085 1392 operationis3
1120 1326 1224 1390 quum
1260 1298 1444 1415 neifflgm

258 1405 480 1472 infructuosus
502 1406 572 1473 eius
594 1412 680 1473 esset
701 1406 873 1486 adventus,
895 1407 966 1473 loco
988 1407 1094 1472 eidem
1116 1404 1209 1471 dedit
1229 1411 1302 1472 octo
1428 1381 1452 1429 γ’

259 1513 295 1573 et
316 1508 413 1574 semis
436 1509 631 1589 oentenaria,
654 1530 728 1595 quae
752 1510 848 1575 iuxta
871 1509 993 1597 lingum
1016 1508 1139 1574 idioma
1152 1506 1303 1575 hundret

258 1610 422 1699 indigenae
443 1612 589 1679 vocitare
612 1616 857 1679 oonsuevenmt.

280 1820 529 1892 eouuuurmo.
575 1824 626 1891 Dc
649 1846 832 1911 argumeao
853 1822 898 1891 tn
919 1822 1109 1912 presentia
1129 1820 1272 1911 praefati
1312 1856 1351 1907 Cf,
1364 1858 1419 1909 ms,
1431 1861 1467 1922 A,

554 1926 644 2013 recte
670 1926 836 1995 Edwardt'
858 1934 989 1995 cauato.
1311 1923 1426 2055 illim

302 2062 371 2127 Dm
393 2062 535 2149 quadam
562 2064 725 2131 dominica
747 2066 891 2153 contigit
912 2071 954 2132 ut
982 2065 1072 2131 idem
1098 2064 1216 2131 beatus
1240 2085 1300 2129 rex
1312 2056 1464 2177 {gg-fild·

259 2167 293 2230 et
337 2166 500 2233 confessor
537 2166 721 2235 Edwardus
756 2168 846 2257 apud
890 2174 1040 2235 sanctum
1080 2166 1300 2246 Edmundum,
1312 2192 1433 2243 adema-

258 2270 378 2353 utputa
410 2268 463 2335 vir
496 2270 598 2335 totius
627 2270 792 2358 religionis
820 2270 926 2337 cultor
954 2275 990 2336 et
1018 2276 1136 2350 custos,
1162 2269 1302 2334 fratrum
1312 2258 1369 2308 ”5¹¹⁰
1380 2260 1465 2309 enred.

259 2370 386 2437 subiret
407 2371 599 2459 capitulum,
621 2377 682 2439 aut
704 2394 817 2439 eorum
830 2374 1003 2439 consulens
1024 2372 1229 2439 utilitatibus
1243 2376 1303 2436 aut

259 2494 371 2539 eorum
393 2496 427 2539 se
449 2474 679 2541 commendans
701 2474 914 2543 orationibus.
973 2476 1106 2542 Interea
1126 2496 1204 2541 vcro
1230 2474 1302 2561 qui-

260 2574 336 2639 dam
373 2576 491 2657 Dacus,
528 2578 662 2645 nomine
700 2578 854 2665 Esgotus,
891 2600 973 2645 auro
1017 2579 1122 2645 textis
1157 2575 1303 2642 induviis
1315 2575 1460 2642 0⁸80&ss-

260 2676 448 2758 adornatus,
467 2679 574 2744 aureis
588 2679 726 2745 armillis
740 2682 921 2759 decoratus,
937 2701 975 2745 ac
990 2680 1149 2746 deamata
1163 2680 1304 2766 bipenne

260 2798 350 2843 more
374 2778 539 2845 Dacorum
562 2780 604 2847 ab
627 2782 762 2847 humero
785 2782 999 2869 dependente,
1022 2782 1127 2848 sancti
1148 2780 1305 2865 martyris

261 2878 429 2948 Edmundi
458 2882 644 2970 ingreditur
672 2884 848 2951 basilicam.
905 2882 952 2950 Et
980 2884 1197 2972 introgressus
1226 2883 1304 2949 dum

260 2981 296 3048 in
326 2985 530 3070 presbyterio
554 2991 757 3052 sacrosancto
784 2987 945 3067 subsistit,
976 3009 1050 3052 cum
1079 2987 1255 3072 bipennem
1284 3007 1305 3049 a

260 3085 343 3151 collo
375 3087 536 3174 deponere
572 3093 761 3176 temptaret,
798 3095 838 3156 ut
875 3112 974 3176 super
1009 3111 1082 3155 eam
1114 3089 1305 3154 incumbens

261 3189 364 3276 magis
387 3190 512 3256 curiose
531 3213 629 3276 quam
649 3189 767 3258 devote
786 3213 860 3278 quae
878 3191 1062 3280 agebantur
1079 3191 1305 3268 consideraret,

261 3291 335 3356 ilico
367 3292 493 3358 virtute
525 3291 651 3358 Divina
684 3294 836 3360 manibus
871 3296 943 3359 eius
977 3293 1107 3360 divulsa
1143 3293 1180 3358 in
1213 3291 1304 3380 puvi-

261 3398 410 3459 mentum
439 3395 551 3482 procul
581 3395 776 3462 detruditur.
827 3395 903 3484 Ipse
933 3419 1061 3484 quoque
1090 3401 1256 3483 correptus
1286 3418 1307 3460 a

262 3494 424 3561 daemonio
458 3497 591 3562 miseras
625 3498 779 3564 emittens
813 3521 908 3566 voces
941 3499 978 3564 in
1011 3505 1132 3564 terram
1164 3498 1305 3564 eliditur.

263 3597 320 3663 Fit
345 3597 466 3664 clamor
488 3599 697 3666 inconditus:
731 3600 950 3667 ecclesiatota
970 3601 1131 3667 turbatur.
1177 3599 1243 3666 Sed
1272 3604 1307 3666 et

263 3721 323 3764 rex
352 3701 387 3764 in
418 3700 562 3789 capitulo
593 3704 734 3790 strepitu
765 3705 917 3790 pulsatus
939 3703 1073 3769 insolito
1103 3703 1257 3790 cognovit
1285 3725 1307 3766 a

263 3808 417 3868 narrante
449 3802 644 3890 praedictum
676 3805 811 3871 Danum
847 3805 883 3870 in
919 3804 1053 3872 ecclesia
1083 3826 1255 3892 pervasum
1286 3827 1307 3867 a

262 3903 415 3970 daemone.
463 3905 535 3986 Quo
569 3912 742 3994 comperto,
766 3929 940 3973 conversus
970 3931 1029 3972 rex
1062 3907 1105 3971 ad
1137 3905 1306 3971 abbatem'²

260 4007 329 4074 ait:
363 4013 380 4044 ‘¹
397 4007 505 4072 Tuum
521 4007 601 4089 est,'’
616 4007 737 4095 inquit,
761 4017 779 4044 ‘¹
790 4015 894 4097 pater,
910 4032 971 4098 pro
992 4007 1089 4074 huius
1103 4007 1307 4074 restituenda

262 4108 367 4174 salute
396 4117 546 4176 sanctum
576 4111 764 4198 suppliciter
792 4111 1007 4177 Edmundum
1037 4134 1112 4176 cum
1141 4109 1306 4176 monachis

262 4211 330 4275 tuis
359 4211 598 4300 interpellare”
643 4213 688 4279 Et
717 4236 853 4300 surgens
879 4236 938 4279 rex
962 4236 1036 4279 cum
1065 4213 1185 4278 abbate
1215 4235 1305 4278 ener-

261 4333 439 4399 gumenum
454 4315 497 4380 ad
519 4315 668 4381 tumbam
690 4315 795 4381 sancti
810 4316 978 4382 Edmundi
993 4315 1172 4381 curandum
1187 4315 1305 4380 deferri

262 4412 397 4481 faciunt
445 4416 517 4497 Quo
541 4417 642 4482 allato
666 4417 818 4483 omnibus
841 4419 878 4484 in
907 4440 1079 4484 commune
1105 4417 1240 4505 psalmis
1269 4419 1415 4484 etMSB·

261 4515 394 4582 letaniis
416 4517 689 4598 incumbentibus
705 4519 840 4585 tandem
863 4521 905 4586 ab
927 4521 1069 4607 imagine
1084 4519 1149 4586 Dei
1163 4543 1303 4608 nequam
1314 4489 1356 4540 ἰοὶ
1371 4491 1417 4536 ¹⁰³
1429 4498 1451 4534 α’

262 4619 398 4705 spiritus
420 4622 530 4708 egredi
552 4621 725 4709 conpulsus
748 4627 807 4689 est.

296 4850 303 4880 ¹
311 4851 424 4916 perjuri]
438 4851 539 4916 probri,
551 4851 580 4902 B.
744 4852 750 4921 Ι
799 4853 941 4920 enatarem]
966 4855 1079 4906 abbatem
1095 4855 1262 4914 leofstanum,
1276 4856 1305 4904 B.

1157 4939 1180 4986 A
1196 4940 1218 4986 Λ
