3542 5800
463 869 527 941 198
693 924 696 934 .
742 879 807 932 urc.
830 880 877 930 nr
899 879 1031 932 craneo.
1054 878 1143 932 erro
1167 882 1257 934 srsr.

294 1081 415 1134 Formias
460 1064 614 1133 iirndavit
646 1066 694 1133 ibi
728 1066 971 1142 monasterium,
1006 1087 1044 1132 ac
1077 1067 1220 1153 regulari
1250 1066 1323 1136 vita
1352 1067 1507 1144 instituit,

296 1147 447 1214 bimi
459 1169 603 1234 maxime
626 1191 666 1234 ex
689 1170 741 1234 his
763 1191 853 1254 quos.
866 1191 975 1236 secum
1001 1169 1185 1236 adduxerat
1209 1169 1389 1238 fratribus:
1421 1170 1509 1257 quod

460 1293 563 1357 nsque
594 1271 690 1338 hodie
723 1293 918 1338 successores
949 1272 1019 1338 eius
1049 1276 1161 1338 tenere
1186 1277 1373 1340 noscuntur.
1419 1271 1508 1338 Nam

460 1377 528 1460 ipse
558 1374 623 1440 iliis
652 1375 689 1440 in
711 1375 861 1461 partibus
883 1396 986 1440 annos
1013 1375 1165 1461 quinque,
1193 1375 1312 1455 idest,
1340 1397 1444 1462 usque
1466 1375 1509 1440 ud

294 1491 361 1545 ΑΒ.
373 1498 430 1545 sss.
459 1481 600 1544 mortem
622 1477 751 1564 ngridi
772 1479 866 1565 regis,
891 1477 1007 1544 merito
1032 1477 1183 1543 omnibus
1207 1476 1414 1558 honorabilis,
1441 1475 1509 1543 offi-

460 1581 547 1646 cium
580 1580 784 1666 episcopatus
817 1586 852 1646 et
889 1580 990 1648 verbo
1028 1580 1199 1646 exercebat
1236 1586 1271 1648 et
1305 1603 1408 1667 opere.
1464 1579 1509 1646 Et

459 1683 615 1769 quoniam
644 1683 694 1748 illi
723 1705 783 1749 rex
808 1705 883 1750 cum
909 1683 1046 1771 praefata
1082 1683 1144 1749 loci
1170 1683 1369 1770 possessione
1399 1704 1509 1750 omnes

460 1787 518 1872 qui
543 1786 666 1852 ibidem
697 1793 799 1863 erant,
831 1787 1004 1852 facultates
1034 1807 1111 1850 curn⁴
1140 1787 1227 1873 agris
1257 1790 1292 1852 et
1321 1785 1507 1853 hominibus

460 1889 605 1966 donavit,
644 1910 755 1954 omnes
788 1888 853 1954 fide
889 1887 1015 1954 Christi
1047 1888 1217 1954 institutos
1261 1889 1351 1954 unda
1385 1888 1508 1976 baptis-

460 1992 557 2057 matis
583 1991 710 2073 ablrnt3
741 1992 827 2056 iuter
858 2013 948 2076 quos,
984 2011 1094 2057 servos
1121 1996 1155 2056 et
1185 1991 1320 2056 ancillas
1352 1992 1507 2057 ducentos

459 2094 717 2181 quinquaginta:
749 2114 830 2179 quos
865 2115 977 2158 omnes
1008 2099 1047 2159 ut
1080 2093 1326 2179 baptizandos
1347 2095 1507 2160 servitute

459 2196 638 2262 daemonica
668 2196 819 2272 salvavit,
852 2195 952 2261 etiam
983 2193 1142 2262 libertati¹
1175 2196 1325 2262 donando
1355 2195 1506 2262 humanm

458 2298 535 2384 iugo
557 2297 725 2362 servitutis
747 2297 896 2362 absolvit.

293 2404 397 2456 Μὶν.
409 2409 447 2455 14.
505 2398 548 2462 In
585 2419 649 2482 quo
683 2403 764 2462 tunc
794 2398 990 2465 monasterio
1028 2399 1186 2464 nonnulla
1214 2399 1355 2466 coelestis
1391 2399 1507 2486 glutire

459 2501 546 2566 dona
583 2499 767 2585 specialiter
804 2506 935 2566 ostensa
976 2501 1076 2567 fuisso
1112 2501 1351 2588 perhibentur;
1392 2507 1508 2590 utpote

459 2602 518 2668 ubi
555 2623 659 2688 nuper
693 2603 830 2688 expulsa
869 2603 993 2670 diaboii
1030 2603 1208 2690 tyrannide
1251 2603 1403 2672 Christus
1440 2605 1506 2671 ism

459 2725 595 2792 regnare
616 2711 766 2792 ooepcrat.

292 3287 446 3343 saciare.
538 3278 788 3344 sonorosus.
832 3276 884 3345 De
906 3277 1040 3345 atricae
1066 3276 1429 3367 dissaepserat,

504 3468 629 3530 EODEM
665 3467 766 3533 ferme
803 3472 950 3553 ternpore
983 3488 1047 3553 quo
1084 3466 1155 3553 ipsa
1184 3466 1352 3555 provincia
1387 3489 1507 3534 nomen

461 3566 585 3634 Christi
616 3573 807 3655 susceperat,
839 3570 960 3635 multas
991 3570 1173 3636 Britanniae
1209 3569 1391 3656 provincias
1422 3592 1507 3636 mor-

459 3670 571 3736 talitas
602 3693 690 3736 saeva
719 3672 921 3758 corripiebat.
971 3670 1053 3751 Quae
1080 3693 1153 3737 cum
1180 3672 1353 3759 praefatum
1379 3694 1508 3759 quoque

459 3773 701 3851 monasterium,
725 3774 778 3839 cui
807 3778 888 3839 tunc
918 3773 1058 3860 regendo
1088 3774 1348 3862 religiosissimus
1383 3774 1507 3841 Christi

291 3882 439 3937 Pestilenoe.
458 3877 614 3957 sacerdos,
642 3876 801 3941 vocabulo
828 3877 928 3963 Eppa,
946 3876 1086 3962 praefuit,
1114 3881 1198 3942 nutu
1225 3876 1358 3943 Divinae
1380 3875 1509 3964 dispen-

459 3980 595 4046 sationis
632 3980 830 4065 attingeret;
864 3978 1027 4065 multique
1067 3978 1137 4044 sive
1177 3980 1217 4043 de
1255 3978 1308 4043 his
1347 3979 1405 4066 qui
1434 4001 1507 4044 curn

459 4083 609 4147 antistite
646 4081 704 4144 illo
740 4085 907 4157 venerant,
950 4080 1020 4145 sive
1060 4082 1100 4145 de
1137 4080 1203 4145 illis
1236 4080 1293 4168 qui
1324 4080 1364 4145 de
1395 4081 1507 4147 eadem

459 4184 627 4269 provincia
664 4182 833 4247 Saxonum
871 4204 977 4268 nuper
1014 4182 1057 4246 ad
1093 4184 1192 4248 fidem
1223 4183 1354 4248 firsrant
1389 4184 1506 4259 vocati,

459 4284 580 4369 passim
609 4283 650 4346 de
681 4284 741 4347 hac
771 4285 843 4347 vita
872 4287 1087 4368 raperentur;
1125 4285 1234 4349 visum
1264 4290 1314 4349 est
1351 4282 1508 4350 fratribus

459 4384 651 4450 triduanum
691 4384 850 4449 ieiunium
888 4408 992 4471 agere,
1043 4390 1077 4451 et
1118 4385 1276 4451 Divinam
1320 4386 1511 4472 suppliciter

461 4485 628 4550 obsecrare
652 4485 867 4563 clementiam,
892 4491 932 4551 ut
958 4488 1209 4552 misericordiam
1232 4488 1295 4553 sibi
1320 4488 1510 4574 dignaretur

796 4792 933 4864 uaeas]
953 4797 1073 4860 numa,
1085 4798 1145 4850 nes.
