3542 5800
471 874 538 938 364
732 886 799 937 nro.
821 888 869 937 ns
890 887 1027 939 crunno.
1051 887 1141 938 sese.
1165 888 1252 938 mer.

470 1076 565 1138 retur
592 1070 772 1154 Divinitas,
813 1072 895 1139 fides
922 1074 1029 1140 ferret
1057 1078 1093 1139 et
1120 1072 1288 1139 sanctitas
1349 1071 1518 1159 Explicito

470 1174 603 1240 tandem
633 1175 788 1241 triduano
817 1176 949 1253 ieiunio,
979 1174 1098 1262 quinte
1123 1176 1206 1241 ferio
1234 1176 1356 1253 illuxit,
1386 1175 1423 1240 in
1450 1196 1517 1261 qus

469 1278 617 1343 inmense
643 1278 770 1344 Christi
796 1279 914 1367 gratie
945 1300 1021 1365 qure
1049 1280 1086 1345 in
1114 1284 1265 1345 sanctum
1303 1277 1516 1344 Edmundum

469 1380 686 1462 redundabat,
716 1380 883 1449 mentibus
912 1382 1066 1448 humenis
1095 1382 1235 1449 intirlsit.
1294 1382 1387 1447 'llrnc
1413 1380 1516 1445 abhus

470 1506 545 1549 eum
581 1484 738 1551 fratribus
773 1484 818 1551 sd
856 1507 939 1573 opus
979 1484 1175 1573 dispositum
1213 1485 1404 1573 praeelectis,
1433 1505 1516 1570 quos

469 1592 505 1652 et
533 1586 717 1654 innocentis
742 1588 822 1655 vitre
851 1588 1007 1655 meritum
1036 1593 1072 1654 et
1100 1589 1288 1655 constantin
1311 1588 1518 1654 commendo·

469 1689 529 1755 bet
559 1690 752 1771 animorum,
794 1713 869 1756 oum
908 1713 1036 1757 summe
1064 1692 1286 1759 venerationis
1326 1690 1517 1757 humilitate

469 1790 634 1859 celebrate
659 1792 861 1860 sollemniter
885 1793 996 1874 misse,
1025 1795 1173 1881 procedit
1201 1795 1243 1861 ed
1274 1796 1516 1860 sacrosanctum

470 1895 622 1962 locellum
659 1897 841 1984 pretiosum
881 1896 1017 1985 pretiosi
1046 1897 1204 1984 martyris
1234 1895 1403 1963 Edmundi
1439 1916 1515 1961 oon·

317 2042 357 2077 mn
470 1998 656 2065 eludentem
696 1999 871 2088 lipsanum,
910 1998 1026 2066 ceteris
1055 2000 1191 2066 interim
1219 2001 1258 2065 in
1286 2000 1429 2067 claustro
1465 2020 1519 2063 se·

304 3339 361 3392 MS.
371 3339 403 3400 B,

305 3409 347 3460 fol.
361 3413 407 3460 101
420 3422 443 3460 s

470 2102 557 2181 dere,
586 2102 718 2189 pselrnis
744 2102 940 2189 hymnisque
961 2103 1128 2169 instanter
1149 2124 1264 2169 vueore
1289 2103 1395 2169 iussis.
1443 2100 1517 2181 Quo

470 2204 635 2290 patefacto
666 2206 859 2293 Agelwinus
887 2204 1075 2285 monachus,
1107 2206 1149 2272 de
1179 2228 1245 2294 qno
1274 2228 1374 2293 snpra
1410 2205 1517 2269 mults

469 2316 605 2375 narrate
649 2315 735 2391 sunt,
777 2310 843 2375 iem
888 2331 957 2397 pree
999 2309 1105 2375 nimiu
1148 2314 1315 2376 senectute
1358 2308 1516 2395 corporali

470 2410 622 2497 privatus
665 2412 797 2491 lumine,
843 2413 978 2499 propius
1021 2412 1224 2493 admovetur,
1268 2417 1308 2478 ut
1351 2410 1516 2499 palpando

469 2515 594 2602 probet,
637 2536 682 2581 en
711 2516 817 2581 adhue
846 2516 898 2581 ite
935 2514 1145 2603 perseverst¹‚
1177 2514 1450 2602 quemadmodum
1480 2536 1516 2579 ee

468 2617 639 2703 reliquisse
678 2618 889 2685 meminisset
956 2619 1005 2683 At
1044 2618 1099 2684 ille
1139 2618 1225 2683 nihil
1262 2618 1394 2699 tricens,
1432 2616 1516 2682 nihil

468 2718 633 2800 haesitens,
664 2727 705 2787 ut
733 2725 816 2809 pute
841 2720 933 2808 quie²
948 2720 1055 2787 simile
1084 2720 1164 2807 quid
1189 2720 1307 2807 saepius
1335 2742 1516 2807 praesump·

470 2823 573 2905 sisset,
603 2846 672 2890 non
701 2823 799 2890 modo
828 2824 973 2912 integros
999 2824 1056 2889 sed
1086 2828 1122 2889 et
1151 2823 1357 2912 corpulentos
1388 2822 1515 2889 domini

470 2927 522 2994 sui
541 2927 738 2995 oontrootut³
761 2933 860 2994 nrtus
906 2927 1017 2994 Vertit
1030 2949 1070 2994 oo
1092 2927 1252 3009 revertit3
1277 2928 1327 2993 nil
1348 2932 1516 2994 mutatum

471 3031 716 3098 animadvertit.
794 3031 885 3097 limo
927 3030 1060 3096 demum
1097 3052 1183 3097 creos
1220 3029 1412 3101 ductoribus
1448 3031 1518 3097 suis

471 3133 617 3201 vicissim
656 3135 812 3200 duceturn
857 3132 1038 3220 praebente,
1083 3132 1206 3222 singuli
1245 3155 1362 3199 monus
1395 3134 1518 3199 inicere

471 3237 626 3326 gaudent.
692 3237 873 3325 Expositus
901 3241 1014 3302 sutem
1053 3257 1151 3323 snper
1187 3237 1330 3323 lignenm
1366 3234 1517 3302 tobulnm

473 3341 673 3428 deponitur;
716 3339 861 3405 mulieris
903 3338 1074 3405 attestatio
1110 3338 1253 3405 veridice
1290 3340 1518 3427 cognescitur3

472 3443 621 3530 pristinis
644 3442 791 3508 induviis
814 3442 949 3508 exuitur
961 3466 972 3522 ;
1016 3442 1160 3507 interula
1181 3440 1246 3520 illo,
1273 3443 1310 3507 in
1333 3465 1400 3530 que
1422 3442 1517 3508 miles

414 3587 417 3596 Δ
474 3545 601 3612 Christi
613 3545 779 3634 legitimus
802 3543 913 3610 callidi
936 3544 1147 3630 tyrannidem
1173 3544 1277 3611 hostis
1290 3545 1434 3612 viriliter
1454 3546 1518 3610 tri-

473 3649 655 3736 umphavit,
678 3669 753 3714 oum
772 3646 976 3714 creberrimis
990 3647 1133 3713 telorum
1155 3647 1277 3714 ictibus
1301 3646 1516 3736 [perforotel2

473 3775 548 3818 cum
585 3751 761 3820 infectione
805 3749 925 3817 secreti
961 3751 1085 3817 cruoris
1125 3749 1328 3832 intertincts,
1368 3751 1518 3839 alioquin

472 3861 585 3922 eutem
606 3856 769 3943 reperitur
794 3855 926 3942 penitus
951 3855 1149 3942 incorrupte
1201 3853 1364 3920 Pulvillus
1387 3876 1517 3943 quoque

472 3961 536 4041 ille,
560 3959 690 4048 qualem
720 3981 779 4048 pro
805 3959 874 4024 loco
905 3963 940 4024 et
968 3963 1116 4046 tempore
1137 3979 1248 4044 perure
1270 3957 1419 4025 fidelium
1440 3959 1516 4024 reli·

473 4064 559 4151 quire
574 4063 612 4128 in
635 4062 786 4150 passione
804 4061 920 4127 sancti·
936 4059 1107 4126 Edmundi
1128 4062 1346 4148 composuisse
1368 4061 1516 4128 referun-

473 4172 538 4249 tur,
560 4189 629 4234 non
655 4189 697 4234 ex
720 4164 842 4253 plumis
856 4165 912 4231 vel
936 4164 1098 4250 bombyce
1123 4166 1260 4232 alicuius
1294 4167 1433 4254 generis,
1457 4167 1516 4232 sed

474 4269 676 4336 solummodo
729 4267 930 4335 tenuissimis
982 4267 1146 4355 lignorum
1194 4268 1362 4350 dolstmis‚
1414 4269 1515 4356 copiti

472 4373 586 4460 reguli,
638 4372 725 4460 quod
770 4394 838 4439 non
880 4371 1105 4459 impinguaret
1156 4371 1263 4439 oleum
1314 4369 1517 4461 peccatoris,⁶

507 4657 678 4726 ¹pmeverat]
690 4657 880 4724 perseveretB.
1048 4656 1217 4724 ’menaetofl
1231 4659 1414 4723 muscentii.

423 4769 427 4774 -
505 4734 586 4805 ’quin
602 4776 610 4791 .
628 4778 633 4789 .
652 4777 659 4791 .
676 4777 683 4791 .
698 4738 904 4808 presumpsisset]
930 4739 972 4805 qui
1046 4739 1056 4767 ⁴
1063 4738 1208 4804 perforato]
1220 4737 1286 4790 from
1295 4739 1326 4789 B.

475 4820 606 4886 exegisset,
616 4819 646 4870 Β.
1044 4819 1054 4848 ⁸
1071 4818 1114 4869 Ps.
1125 4818 1176 4870 cxl.
1188 4823 1212 4868 5.
