3542 5800
452 855 518 919 218
720 870 786 918 mc.
810 869 858 918 os
880 870 1014 920 clamo.
1038 869 1126 920 senc.
1150 869 1236 919 msr.

451 1053 620 1142 provincia
656 1054 772 1142 pedem
810 1055 935 1132 retulit,
969 1055 1050 1141 quin
1082 1054 1226 1121 dolorem
1258 1075 1352 1120 suum
1386 1054 1506 1119 crebris

450 1158 632 1224 accolarum
659 1159 839 1246 dispendiis
870 1158 1012 1235 sarciret,
1044 1159 1156 1244 reique
1186 1159 1346 1244 ultionem
1373 1158 1409 1222 in
1435 1179 1506 1222 suc·

450 1283 608 1327 cessorem
630 1261 729 1326 Inam
743 1262 996 1337 transfunderet,
1014 1263 1099 1326 sicut
1114 1283 1172 1326 suo
1196 1263 1265 1327 loco
1280 1261 1415 1326 dicetur.
1462 1260 1505 1325 In

282 1371 350 1421 Will·
449 1369 520 1429 tam
552 1365 731 1450 desperatis
764 1364 862 1429 rebus
896 1363 1031 1430 Kantiae
1063 1364 1233 1450 provincia
1263 1364 1419 1429 sexennio
1441 1365 1504 1428 cir-

281 1438 436 1569 fflmgb'„
449 1467 533 1533 citer
554 1489 575 1531 a
597 1468 688 1554 regia
710 1467 910 1534 successione
935 1465 1150 1532 claudicabat.
1198 1465 1347 1553 Septimo
1370 1467 1503 1532 demum

280 1585 397 1650 witred,
449 1591 536 1636 anno
562 1569 739 1636 Wihredus
761 1569 849 1636 filius
872 1569 1018 1658 Egberti,
1048 1571 1138 1636 cuius
1161 1591 1260 1656 supra
1286 1570 1502 1648 meminimus,

280 1653 384 1782 ⁸3⁰2ssss
449 1695 524 1740 oum
554 1675 642 1761 apud
668 1695 745 1739 suos
775 1674 935 1738 invidiam
965 1673 1134 1760 pressisset
1157 1673 1321 1740 industria
1353 1678 1388 1738 et
1414 1672 1503 1760 apud

280 1785 343 1850 king
354 1786 384 1837 of
440 1775 558 1842 hostes
603 1798 715 1863 pacem
759 1776 896 1844 locasset
933 1777 1080 1864 pecunia,
1118 1797 1237 1862 magna
1281 1797 1338 1863 epe
1378 1775 1501 1842 civium

279 1852 355 1904 Kena
448 1881 584 1948 allectus
609 1880 646 1945 in
669 1902 788 1967 regem,
814 1880 887 1946 voti
914 1883 1079 1966 compotes
1102 1879 1187 1944 fecit.

879 2403 957 2470 Osr.
980 2404 1066 2469 LIV.

277 2628 339 2677 ned.
353 2644 377 2677 v.
391 2633 413 2679 7.
453 2612 496 2680 Ut
534 2612 711 2694 Oedwalla,
750 2635 809 2682 racc
847 2615 1126 2683 occidentalium
1158 2617 1350 2698 Somnum
1391 2617 1500 2706 bapti-

332 2709 337 2718 ’
505 2717 642 2782 condas
677 2718 827 2784 Romam
865 2719 1003 2801 venerit,
1042 2719 1100 2786 eod
1145 2727 1175 2786 ct
1212 2743 1379 2790 successor
1423 2721 1500 2787 eins

505 2820 624 2887 eodem
676 2821 908 2910 apostoloram
961 2822 1093 2890 lim-ino
1142 2822 1317 2890 beatorum
1361 2823 1499 2891 doctrin

506 2924 658 2991 adiecit:
682 2932 713 2992 et
743 2926 783 2992 dc
812 2926 878 2991 Iac
908 2946 989 3012 cepa

279 3146 433 3216 [ansas]
492 3130 597 3196 Anno
631 3136 743 3198 autem
776 3131 869 3220 regni
903 3130 1050 3198 Aihfridi
1087 3133 1196 3211 tertio,
1237 3132 1403 3200 Cedwalla
1440 3154 1499 3198 rex

276 3216 410 3347 311¹?ng
448 3232 708 3300 Occidentalium
732 3236 909 3313 Saxonum,
934 3258 1007 3301 cum
1030 3238 1122 3323 genti
1152 3260 1219 3303 suae
1247 3238 1373 3315 duobus
1403 3238 1499 3301 annis

277 3348 433 3415 Essex,goes
445 3338 669 3403 strenuissime
691 3344 853 3424 praesset,
876 3322 991 3404 relicto
1010 3340 1147 3425 imperio
1170 3345 1303 3425 propter
1318 3339 1498 3405 Dominum

277 3414 395 3545 w?
407 3424 433 3466 ¹⁰
445 3459 645 3524 regnumque
669 3447 872 3527 perpetuum,
904 3442 998 3507 venit
1025 3442 1172 3520 Romam,
1205 3442 1266 3507 hoc
1292 3440 1356 3506 sibi
1385 3442 1497 3528 gloriae

276 3545 351 3596 nizea
444 3539 617 3625 singularis
645 3542 832 3609 desiderans
863 3544 1008 3631 adipisci,
1040 3548 1080 3609 ut
1109 3545 1151 3609 ad
1181 3544 1296 3608 limina
1324 3543 1497 3610 beatomm

444 3643 663 3728 apostolorum
690 3646 781 3710 fonte
807 3646 1017 3733 baptismatis
1047 3646 1242 3723 ablueretur,
1274 3648 1310 3711 in
1337 3668 1402 3733 quo
1428 3648 1496 3713 solo

444 3737 603 3813 didicerat
618 3748 729 3834 generi
753 3748 897 3815 humano
920 3756 1032 3836 patere
1047 3750 1128 3816 vitae
1147 3750 1288 3815 coelestis
1303 3749 1496 3815 introitum:

443 3844 541 3914 simul
566 3852 667 3916 etiarn
693 3874 827 3939 sperans
850 3852 929 3939 quia
955 3872 1034 3919 mox
1063 3851 1258 3939 baptizatus,
1285 3874 1381 3917 came
1411 3854 1497 3919 solu-

442 3954 497 4019 tus
527 3955 570 4019 ad
600 3960 724 4021 aeterna
760 3953 882 4042 gaudia
912 3955 977 4019 iam
1015 3956 1159 4021 mundus
1194 3956 1371 4022 transiret:
1407 3956 1496 4042 quod

441 4063 618 4144 utrumque
640 4065 680 4123 ut
702 4064 812 4125 mente
836 4059 1049 4145 disposuerat,
1079 4060 1222 4125 Domino
1248 4059 1383 4125 iuvante
1409 4078 1496 4125 com-

273 4176 314 4228 Hs
325 4180 346 4229 is
357 4182 417 4245 hap
440 4159 566 4245 pletum
582 4167 639 4226 est,
685 4162 819 4228 Etenim
839 4161 897 4227 illo
915 4162 1115 4249 perveniens,
1133 4162 1361 4249 pontificatum
1376 4168 1495 4249 ugente

271 4246 349 4375 ffi’
362 4318 392 4363 1⁰
439 4280 525 4346 papa
558 4262 680 4349 Sergio,
715 4266 904 4351 baptizatus
935 4270 985 4331 est
1017 4266 1070 4331 die
1100 4272 1213 4331 sancto
1250 4264 1380 4330 sabbati
1418 4264 1496 4331 Pas-

271 4352 412 4431 ianoi.
440 4364 551 4443 chelis,
591 4388 677 4432 anno
718 4368 761 4431 ab
805 4368 1031 4436 incarnatione
1077 4370 1214 4435 Domini
1259 4368 1495 4436 sexcentesimo

300 4456 306 4469 ⁹
358 4495 412 4577 20·
440 4468 636 4554 octogesimo
658 4490 766 4534 nonoc
803 4476 837 4535 et
863 4472 900 4535 iu
928 4474 1011 4538 albis
1037 4473 1144 4539 adhuc
1174 4474 1308 4560 positus,
1336 4474 1493 4559 languore

392 4564 399 4577 ⁰
439 4576 614 4656 correptus,
640 4572 831 4638 duodecimo
858 4573 1074 4641 kalendanum
1097 4574 1261 4641 Maiamm
1287 4575 1494 4643 dissolutus

438 4695 459 4736 a
482 4695 586 4753 carne,
606 4679 641 4738 et
664 4674 837 4741 beatorum
861 4683 912 4743 est
932 4700 1033 4765 regno
1058 4678 1200 4744 sociatus
1223 4679 1260 4743 in
1281 4678 1380 4744 coelis.
1429 4678 1493 4745 Oui

437 4775 536 4841 etiarn
562 4780 708 4864 tempore
732 4778 941 4865 baptismatis
971 4802 1056 4868 papa
1080 4786 1280 4847 memoratus
1311 4779 1402 4847 Petri
1433 4802 1493 4848 noe
