3542 5800
474 883 517 945 23
741 891 806 947 nro
830 898 876 946 nr
899 898 1032 948 crasso.
1057 896 1145 949 srsc.
1169 892 1255 947 srsr.

893 1296 971 1362 Car.
987 1280 1101 1362 XXV.

304 1467 402 1585 {vg-‘sual
535 1464 578 1531 Ut
606 1465 909 1553 Uttarpcrabupoa
931 1468 974 1535 ia
997 1468 1113 1537 lectica
1132 1476 1291 1556 portatus
1313 1468 1463 1535 Sasona

304 1572 410 1665 p.rss;⁰
935 1570 1062 1637 vicerit.

303 1666 460 1823 giblim
518 1726 596 1791 Rsx
620 1727 796 1794 Britonum
820 1729 1118 1817 Utberpendragon
1141 1730 1181 1796 de
1204 1730 1297 1820 regni
1312 1730 1522 1796 subversione

303 1801 415 1919 {fflss
471 1851 704 1917 procerumque
731 1831 930 1898 desolatione
961 1855 1088 1899 necnon
1117 1838 1151 1898 et
1183 1833 1294 1921 populi
1324 1832 1522 1920 dispersione

304 1932 356 1983 vira
368 1940 409 1995 22,
419 1940 459 1987 2³·
471 1931 680 1998 vehementer
712 1939 903 2013 commotus,
938 1935 1124 2001 convocatis
1158 1936 1310 2000 omnibus
1343 1934 1436 2022 regni
1469 1934 1521 2001 sui

303 1999 459 2069 (ΛΜΗ)
470 2035 689 2122 magnatibus,
700 2036 819 2102 acriter
832 2037 879 2102 eis
895 2037 935 2103 de
950 2036 1103 2125 superbia
1117 2042 1151 2102 et
1166 2037 1303 2125 segnitie
1318 2035 1518 2122 increpavit:

470 2138 618 2202 convicia
645 2138 746 2204 etiam
776 2140 883 2205 multa
913 2162 987 2205 cum
1017 2140 1198 2227 opprobriis
1224 2139 1372 2217 inferens,
1396 2138 1521 2203 iuravit

470 2240 558 2325 quod
587 2240 726 2325 ipsemet
757 2241 831 2306 illos
865 2240 903 2305 in
937 2240 1047 2307 hostes
1082 2241 1281 2319 conduceret,
1320 2245 1361 2306 ut
1394 2240 1520 2305 animos

470 2341 617 2406 omniurn
655 2342 697 2407 ad
726 2348 851 2408 statum
881 2350 916 2409 et
946 2344 1115 2410 audaciam
1145 2344 1316 2430 pristinam
1346 2347 1519 2409 revocaret.

330 2518 336 2531 ι
471 2442 630 2529 Praecepit
658 2466 735 2531 ergo
764 2444 920 2510 feretrum
950 2445 1013 2511 sibi
1037 2445 1108 2511 fieri
1133 2466 1198 2531 quo
1224 2450 1417 2532 portaretur,
1444 2466 1518 2509 cum

301 2518 416 2639 {ffiris
470 2544 693 2611 alteriusmodi
707 2568 910 2633 progressum
926 2547 1101 2612 infirmitas
1116 2546 1298 2633 denegaret
1360 2546 1518 2633 Imposito

302 2646 583 2733 tumutitaque
618 2669 694 2734 rege
731 2648 767 2713 in
805 2648 926 2727 lectica,
966 2671 1040 2715 cum
1078 2654 1150 2714 tota
1187 2649 1382 2714 fortitudine
1426 2648 1518 2733 regni

301 2720 458 2853 ffiffl‘
471 2747 693 2813 Verolamium
738 2749 891 2836 perrexit,
937 2750 995 2816 ubi
1040 2751 1106 2815 iam
1147 2750 1293 2815 Saxones
1333 2750 1518 2815 universam

469 2851 610 2938 patriam
644 2850 841 2939 affligebant
889 2852 1040 2940 Cumque
1074 2852 1179 2918 edocti
1217 2857 1324 2918 essent
1362 2852 1446 2918 Octa
1484 2857 1518 2917 et

470 2953 554 3019 Cosa
576 2953 616 3019 de
639 2954 786 3020 adventu
808 2954 993 3038 Britonum‚
1009 2977 1182 3044 regemque
1205 2977 1316 3020 eorum
1340 2955 1375 3020 in
1398 2955 1517 3020 feretro

468 3056 645 3133 advenisse,
683 3057 852 3144 dedignati
882 3063 961 3122 sunt
991 3079 1065 3123 oum
1096 3057 1153 3122 illo
1184 3057 1335 3144 praeliari,
1366 3057 1445 3144 quia
1481 3056 1517 3120 in

467 3157 615 3224 vehiculo
645 3158 807 3225 veniebat
865 3159 1069 3248 Recepenmt
1095 3160 1207 3246 itaque
1229 3181 1263 3226 se
1286 3159 1372 3225 infra
1394 3158 1515 3236 urbem,

467 3261 644 3346 valvasque
673 3284 742 3348 prae
769 3261 998 3349 indignatione
1027 3267 1176 3348 patentes
1202 3261 1411 3348 reliquerunt.
1469 3261 1516 3325 At

467 3360 764 3449 Utherpsndragon
787 3363 885 3428 iussit
903 3361 992 3430 eius¹
1019 3364 1133 3429 urbem
1157 3363 1312 3443 obsidere,
1336 3370 1370 3429 et
1394 3363 1516 3429 moenia

466 3462 612 3548 undique
635 3464 839 3550 complanare
850 3490 860 3546 ;
882 3471 1090 3554 stragemque
1104 3487 1171 3530 non
1186 3465 1355 3530 minimam
1378 3463 1514 3532 Saxoni-

466 3565 528 3629 bus
550 3564 736 3646 inferentes,
767 3567 933 3633 moenibus
955 3566 1120 3634 subversis
1153 3568 1219 3633 iam
1242 3571 1349 3633 ament
1370 3567 1514 3654 ingressi,

465 3665 530 3730 nisi
553 3666 698 3733 Saxones
720 3669 870 3736 resistere
892 3669 1118 3758 perstitissent.
1167 3669 1264 3735 Mane
1287 3675 1396 3734 autern
1419 3670 1514 3746 sacto,

466 3768 585 3855 egressi
600 3775 679 3835 sunt
700 3769 845 3836 Saxones
868 3771 1007 3836 catervis
1029 3770 1152 3836 bellicis
1175 3772 1347 3857 dispositis,
1365 3771 1515 3837 Britones

298 3931 324 3984 H
350 3935 395 3984 Η
465 3872 508 3936 ad
523 3871 672 3958 praelium
687 3878 905 3959 provocantes
952 3873 1158 3938 Restiterunt
1180 3874 1334 3939 audacter
1356 3873 1515 3954 Britones,

297 3952 340 4052 tbi
351 3941 444 4066 „1⁰13ss
466 3973 631 4038 invadunt
644 3974 786 4040 viriliter
801 3973 955 4053 Saxones,
977 3980 1012 4040 et
1033 3997 1144 4040 necem
1167 3981 1315 4041 mutuam
1340 3977 1516 4062 utrobique

297 4069 416 4147 ”lm
466 4077 653 4142 conficiunt.
701 4073 852 4162 Denique
867 4083 943 4164 post
962 4078 1083 4142 multas
1105 4083 1256 4144 cruentas
1278 4078 1516 4164 congressiones

297 4140 421 4253 iffi&
466 4177 536 4263 regi
574 4178 749 4244 Britonum
786 4179 883 4244 cessit
920 4179 1064 4258 victoria,
1090 4179 1334 4265 interfectisque
1366 4180 1450 4246 Octa
1481 4186 1515 4248 et

298 4271 362 4321 00²²
372 4271 421 4320 and
468 4281 559 4358 Cosa,
576 4281 674 4346 ceteri
690 4279 881 4348 Britonibus
897 4287 990 4369 terga
1004 4281 1171 4348 dederunt

297 4339 369 4390 Cosa

471 4473 618 4480 ——2--1—
976 4471 1324 4481 *ψη-
1329 4467 1507 4478 ...uu—n——n-fl

747 4599 754 4637 ¹
772 4599 837 4672 elus]
851 4605 929 4669 ocius,
942 4599 1032 4658 Matth.
1044 4597 1148 4658 Westm.
1160 4621 1183 4672 p.
1200 4609 1254 4658 let.
