3542 5800
422 877 424 882 .
480 813 544 878 138
747 829 812 880 suc.
836 829 883 878 nn
905 829 1039 882 omme
1058 829 1152 884 srnc.
1175 831 1263 884 mer.

476 1035 541 1100 quo
570 1015 722 1102 regnavit
758 977 927 1098 ildoinus,
957 1017 1020 1083 filii
1049 1017 1179 1104 praefati
1212 1017 1299 1106 regis
1329 1017 1532 1098 AEthelfiidi,

387 1115 389 1120 ’
477 1118 535 1202 qui
554 1123 633 1184 ante
653 1117 748 1184 illurn
770 1126 975 1208 regnaverat,
992 1143 1067 1186 eum
1087 1144 1208 1208 msgna
1232 1122 1394 1188 nobilium
1420 1124 1537 1192 iuven-

308 2167 376 2219 AJ).
390 2175 446 2220 634.

230 2247 242 2262 ‘
308 2236 374 2286 Both
388 2237 463 2302 luinge

307 2317 350 2352 are
361 2303 439 2354 killed

307 2369 342 2434 by
354 2369 420 2420 Ced-

307 2436 388 2488 wallo.

306 2575 375 2629 Μ).
389 2584 444 2631 635.

476 1225 550 1285 tute
587 1223 676 1308 apud
714 1223 843 1289 Scottos
881 1225 951 1289 sive
982 1223 1093 1291 Pictos
1130 1225 1318 1303 exulabant,
1348 1225 1462 1310 ibique
1491 1227 1535 1292 ad

476 1323 659 1388 doctrinam
697 1323 886 1392 Scottorum
924 1327 1118 1393 catechizati
1150 1331 1186 1392 et
1214 1327 1423 1414 baptismatis
1452 1334 1533 1394 sunt

476 1425 584 1512 gratia
612 1428 757 1493 recreati.
815 1429 881 1510 Qui
910 1435 951 1494 ut
980 1435 1111 1496 mortuo
1137 1451 1212 1516 rege
1237 1430 1370 1499 iuimioo
1392 1431 1535 1517 patriam

476 1534 557 1594 sunt
592 1530 698 1596 redire
740 1532 900 1618 permissi,
937 1533 1063 1618 aooepit
1111 1533 1239 1619 primus
1285 1553 1398 1598 eorum
1435 1555 1534 1618 quem

477 1633 620 1698 diximus
634 1659 637 1664 ·
650 1633 811 1700 Ansridus
839 1656 979 1720 regnum
1008 1634 1241 1700 Bernieiorum.
1300 1634 1366 1716 Qui
1396 1641 1533 1722 uterque

476 1757 536 1801 rex
565 1743 606 1802 ut
635 1739 756 1803 terreni
785 1739 878 1824 regni
907 1738 1030 1802 infulas
1059 1737 1197 1802 sortitus
1235 1741 1294 1815 est,
1325 1745 1533 1805 sacramenta

475 1839 568 1926 regni
598 1839 738 1904 eoelestis
767 1841 888 1927 quibus
921 1839 1073 1905 initiatus
1109 1845 1191 1918 erat,
1221 1839 1531 1907 anathematizando

476 1941 627 2026 perdidit,
659 1963 697 2008 ao
726 1965 761 2008 se
790 1943 904 2029 priscis
933 1942 1096 2009 idolatrire
1132 1941 1282 2008 sordibus
1319 1943 1531 2029 polluendum

476 2045 744 2132 perdendumque
765 2046 922 2111 restituit

521 2145 592 2212 Nee
617 2169 728 2213 mora:
752 2153 930 2234 utrumque
953 2169 1014 2213 rex
1039 2148 1215 2214 Britonum
1235 2147 1404 2214 Oadwallo
1428 2148 1531 2234 impia

476 2269 576 2314 manu
606 2249 663 2315 sed
692 2251 782 2316 iuste
811 2253 937 2316 ultione
973 2251 1121 2338 peremit.
1178 2251 1224 2314 Et
1259 2251 1366 2336 primo
1396 2252 1530 2336 quidem

474 2352 625 2436 proxima
654 2358 769 2420 aestate
801 2353 961 2432 Osrieum,
985 2355 1065 2418 dum
1090 2375 1126 2418 se
1149 2353 1186 2416 in
1211 2353 1330 2439 oppido
1351 2352 1530 2440 municipio

474 2453 656 2520 temerarie¹
674 2457 860 2534 obsedisset,
878 2478 1051 2543 erumpens
1072 2457 1182 2521 subito
1204 2476 1280 2520 oum
1299 2455 1367 2520 suis
1378 2456 1529 2522 omnibus

474 2557 675 2644 imparatum
698 2581 771 2625 eum
796 2565 868 2626 toto
891 2560 1039 2625 exercitu
1060 2558 1190 2624 delevit
1236 2557 1322 2622 Dein
1344 2579 1419 2624 eum
1441 2581 1529 2624 anno

473 2663 603 2748 integro
626 2663 810 2749 provincias
841 2661 1145 2727 Nerthumbrorum
1173 2681 1242 2725 non
1270 2665 1311 2726 ut
1339 2681 1399 2729 rex
1421 2661 1530 2751 victor

473 2765 659 2850 possideret,
688 2766 745 2830 sed
775 2766 869 2850 quasi
899 2771 1062 2850 tyrannus
1091 2763 1229 2829 serviens
1259 2762 1461 2849 disperderet
1490 2785 1530 2828 ae

474 2867 598 2955 tragica
627 2869 714 2935 eaede
743 2869 943 2945 dilaceraret,
975 2867 1109 2932 tandem
1140 2864 1317 2929 Anfridum
1346 2865 1529 2932 ineonsulte

472 2973 516 3036 ad
541 2994 575 3038 se
601 2996 676 3038 eum
703 2972 873 3038 duodecim
899 2971 1009 3036 electis
1035 2968 1197 3035 militibus
1217 2968 1422 3054 postulandae
1437 2970 1527 3055 paois

471 3076 579 3161 gratia
607 3076 795 3141 venientem
817 3073 917 3139 simili
946 3076 1032 3138 sorte
1055 3072 1233 3137 damnavit.
1280 3071 1450 3136 Infaustus
1471 3072 1528 3138 ille

472 3200 577 3243 annus
598 3184 632 3243 et
652 3178 805 3243 omnibus
830 3176 925 3241 bonis
952 3196 1069 3240 exosus
1094 3196 1199 3259 usque
1222 3174 1319 3239 hodie
1345 3181 1524 3260 permanet,

471 3286 541 3345 tam
565 3286 699 3367 propter
724 3280 921 3366 apostasiam
950 3298 1065 3364 regum
1088 3277 1273 3363 Anglorum
1298 3286 1365 3362 qu'a
1389 3298 1425 3343 se
1447 3278 1525 3345 fidei

471 3383 682 3447 sacramentis
707 3388 875 3459 exuerant,
900 3377 1158 3467 quam'propter
1182 3401 1338 3445 vesanam
1365 3378 1525 3445 Britonici

420 3566 423 3571 Ι
470 3487 556 3573 regis
586 3484 803 3570 tyrannidem.
854 3483 955 3549 Unde
985 3483 1111 3548 cunctis
1141 3467 1265 3570 plaeuit
1295 3504 1410 3569 regum
1439 3488 1524 3548 tem·

469 3611 549 3677 pora
573 3586 847 3673 computantibus,
874 3592 914 3652 ut
938 3586 1050 3651 ablata
1081 3585 1121 3650 de
1151 3586 1258 3649 medio
1288 3607 1402 3671 regum
1429 3587 1524 3672 peni-

469 3692 585 3757 dorrrm
615 3688 780 3767 memoria,
811 3689 900 3755 idem
937 3711 1043 3754 annus
1078 3687 1243 3773 sequentis
1273 3688 1366 3775 regis,
1398 3688 1433 3753 id
1462 3694 1521 3769 est,

470 3796 623 3872 Oswalffi,
641 3792 703 3860 viri
726 3792 798 3859 Deo
821 3792 942 3871 dilecti,
965 3814 1066 3881 regno
1088 3792 1317 3879 assignaretur.

503 4014 533 4019 ¹--
669 4010 674 4017 ,
717 4010 769 4017 --
804 4008 983 4015 -..-.-.-.-
996 4005 1131 4013 .-.-....--

819 4142 825 4172 ¹
838 4137 973 4202 remearis]
987 4136 1125 4194 temerarie,
1136 4134 1194 4185 MS.
