3542 5800
483 874 532 922 nn
553 874 668 923 ossus
691 874 813 923 anona
834 872 1001 923 asoa-1.
1026 858 1054 935 2,
1073 860 1102 925 3.
1275 862 1317 925 13

267 1058 481 1137 Christianus,
519 1082 593 1125 oum
630 1080 758 1145 pagana
794 1058 880 1123 coire
918 1056 1132 1123 desiderabat
1192 1054 1316 1142 Nupsit
1330 1070 1464 1139 vortigerni

263 1160 366 1245 igitur
408 1162 523 1225 eadem
559 1166 654 1225 noete
690 1182 749 1224 rex
786 1180 930 1245 paganas,
961 1180 1035 1244 quae
1064 1156 1152 1221 ultra
1180 1158 1313 1223 modum
1327 1140 1431 1254 ffim

264 1261 387 1346 placuit
416 1262 455 1325 ei
500 1262 581 1325 Post
610 1262 680 1326 haee
708 1260 835 1325 abiecta
863 1281 967 1325 uxore
996 1280 1056 1323 sua
1084 1258 1239 1345 legitima,
1270 1281 1313 1325 ex
1326 1222 1486 1349 daugbiiid

263 1382 330 1445 qua
354 1368 422 1426 tres
445 1362 575 1429 inolitos
596 1362 682 1427 filios
706 1366 927 1447 generaverat,
945 1360 1066 1425 scilieet
1081 1358 1312 1439 Vortimerum,
1325 1334 1440 1401 ΜΕΝ·

265 1462 492 1547 Katigemun
522 1470 558 1529 et
587 1462 803 1538 Pasoentium,
833 1466 934 1547 atque
963 1482 1005 1527 ex
1034 1460 1147 1526 eadem
1176 1462 1312 1547 ooniuge

263 1562 374 1640 liliam,
391 1586 491 1649 quarn
514 1564 550 1628 in
575 1565 763 1629 societatem
782 1562 847 1627 tori
873 1562 1056 1649 suscipiens¹
1073 1561 1178 1629 filium
1204 1582 1247 1626 ex
1273 1574 1461 1644 eavorrlgeru

264 1672 496 1749 procreaverat,
520 1666 608 1730 unde
637 1688 659 1729 a
683 1669 799 1760 saneto
818 1664 983 1729 Germano
1005 1669 1040 1729 et
1058 1662 1101 1727 ab
1123 1662 1212 1727 omni
1227 1664 1311 1749 epis-
1322 1640 1478 1763 {mh

264 1786 416 1850 eoporum
451 1773 615 1831 conventu
648 1765 950 1831 excommunicatus
988 1764 1156 1839 extiterat,
1189 1764 1310 1829 dictem

265 1864 414 1931 Ronwen
442 1888 486 1931 ex
523 1889 679 1933 consensu
716 1868 819 1952 patris
855 1866 907 1931 sui
946 1865 1100 1951 Hengisti
1139 1864 1238 1929 duxit
1276 1866 1310 1929 in

262 1988 404 2031 uxorem.

1321 2114 1411 2168 nuth.

701 2185 781 2251 Cir.
805 2182 872 2250 111.
1321 2182 1428 2312 {lesan

392 2334 435 2401 Ut
463 2335 691 2421 Vortioersus
712 2342 849 2423 proyaler
869 2332 1019 2401 Saaorws
1041 2328 1185 2400 miserit
1320 2314 1439 2431 ffiffss·

304 2496 410 2559 Anno
423 2497 540 2582 gratim
564 2496 885 2583 quadringentesimo
918 2494 1186 2581 quinquagesimo
1207 2494 1306 2559 tertio
1319 2452 1397 2591 Ἠ
1404 2548 1460 2594 ⁴⁵³.

262 2595 451 2683 Hengistus,
489 2621 563 2663 oum
600 2598 796 2683 Vortigemo
833 2598 935 2661 filiam
979 2618 1072 2661 suam
1117 2594 1305 2682 eopulaaeet,

260 2699 367 2783 ipsum
398 2700 435 2762 in
464 2698 551 2764 huno
580 2700 716 2764 modum
746 2699 906 2764 allocutus
938 2702 997 2777 est,
1020 2698 1148 2763 dicens:
1184 2708 1202 2734 “
1216 2698 1307 2763 Audi

260 2800 431 2864 eonsilium
457 2822 574 2879 meum,
598 2806 633 2866 et
658 2801 837 2866 invitemus
863 2800 970 2865 adhue
1000 2804 1034 2865 et
1064 2799 1169 2865 filium
1199 2820 1307 2864 meum

261 2901 378 2968 Oetam
413 2925 488 2968 eum
531 2903 686 2969 fratruele
723 2925 782 2968 sno
823 2903 962 2982 Abissa3
999 2902 1064 2967 viri
1109 2896 1199 2967 enim¹
1238 2902 1305 2966 bel-

259 3003 379 3069 latores
404 3011 492 3082 sunt,
520 3011 554 3070 et
580 3005 643 3070 tibi
667 3005 810 3070 subdent
835 3005 983 3091 regiones
1007 3024 1088 3088 quas
1115 3004 1172 3066 des
1193 3003 1240 3068 eis
1264 3003 1306 3066 ad

258 3106 436 3170 tenendum
466 3107 507 3172 de
536 3106 638 3183 vobis,
669 3128 743 3191 quae
774 3112 853 3172 sunt
882 3107 918 3170 in
952 3103 1203 3190 Aquilonalibus
1235 3103 1308 3166 Bri-

260 3207 385 3272 tanniae
414 3208 565 3294 partibus
602 3209 699 3273 iuxta
728 3229 859 3272 murum
889 3207 976 3272 inter
1002 3197 1137 3270 Deirnm
1167 3210 1202 3268 et
1232 3203 1307 3269 Soo

259 3309 362 3386 tiam3
398 3311 457 3394 qui
498 3310 694 3375 detinebunt
731 3310 854 3374 ibidem
884 3309 1044 3394 impetum
1080 3305 1302 3383 barbarorum,

260 3415 293 3474 et
330 3411 376 3475 sic
414 3411 499 3476 eitra
533 3411 724 3476 Humbrum
757 3412 792 3474 in
823 3431 902 3496 paee
935 3409 1144 3474 remanebit.’'
1189 3409 1304 3472 Paruit
1316 3413 1454 3494 yonigern

257 3510 480 3598 Vortigernus,
496 3518 596 3598 atque
609 3513 696 3576 illico
710 3511 817 3576 missis
831 3511 958 3598 legatis,
974 3517 1136 3576 venerunt
1161 3509 1245 3576 Oeta
1268 3515 1302 3574 et
1314 3489 1443 3607 'mon
1517 3577 1526 3590 ‚

256 3611 375 3678 Abissa
419 3620 454 3678 et
492 3614 659 3679 Cerdioius
694 3635 771 3678 oum
807 3612 961 3678 trecentis
998 3611 1139 3677 navibus
1176 3613 1466 3692 amatapfflenrist,

254 3736 355 3780 manu
384 3715 523 3800 repletis
568 3715 658 3795 Quos
684 3736 796 3780 omnes
825 3713 1040 3800 Vortigernus
1063 3713 1203 3798 benigne
1233 3679 1434 3794 susffiffl*
1463 3768 1477 3776 .,

254 3817 346 3901 oepit,
374 3815 704 3902 desiderabilibusque
733 3817 856 3881 ditavit
882 3815 1054 3880 donativis.
1101 3815 1198 3894 Quod
1227 3836 1301 3878 cum
1316 3833 1388 3894 oca,

254 3918 415 3983 vidissent
430 3919 589 3996 Britones‚
605 3918 761 3985 timentes
774 3917 992 4003 proditionem
1008 3939 1130 3994 eorum,
1147 3917 1302 3981 dixennit
1314 3900 1447 4016 Aglffi.

253 4019 330 4104 regi,
346 4026 387 4084 ut
402 4021 488 4105 ipsos
502 4041 545 4085 ex
559 4020 681 4084 finibus
695 4019 881 4104 expelleret.
926 4017 1005 4082 Non
1027 4019 1114 4082 enim
1139 4017 1302 4082 debebant
1313 3979 1470 4110 iirireioiiii

254 4122 373 4206 pagani
394 4121 589 4188 Christianis
614 4120 859 4198 eommunieare‚
875 4119 1030 4206 quiahoc
1044 4118 1100 4183 lex
1116 4099 1449 4183 Christiane³⁰⁰⁸¹¹²¹²⁸·

255 4222 456 4306 prohibebat
503 4221 609 4286 Immo
629 4223 730 4286 etiam
754 4222 795 4286 de
818 4221 970 4306 coniugio
1000 4219 1085 4306 regis
1109 4220 1300 4286 detestando
1313 4242 1430 4293 Feruor

256 4343 404 4387 murmur
439 4330 576 4401 resonat,
615 4330 650 4389 et
686 4345 854 4410 procerum
892 4323 1113 4410 querimonia:
1159 4323 1199 4388 de
1237 4343 1302 4406 quo
1314 4307 1468 4360 ‘¹¹²¹3'l0ffl·

259 4425 391 4507 quidam
406 4426 455 4489 ait
469 4426 601 4491 metrioe
616 4432 651 4492 et
665 4425 851 4512 eleganter:

416 4561 484 4621 Lex
497 4564 648 4621 connectit
666 4582 725 4635 eos,
740 4581 824 4622 amor
840 4569 872 4620 et
884 4563 1045 4622 concordia
1059 4562 1139 4621 loeti.

421 4652 481 4712 Sed
493 4654 543 4712 lex
557 4656 663 4731 qualis,
677 4673 759 4713 amor
771 4655 878 4730 qualis,
893 4655 1052 4712 eoncordia
1063 4650 1181 4727 qualis?

418 4744 594 4812 Lexexler.
608 4766 691 4805 amor
703 4746 834 4816 odibilis,
849 4745 1009 4804 eoncordia
1022 4745 1144 4802 discors.
