3542 5800
455 835 518 901 168
720 847 786 898 nra
808 850 856 899 na
877 847 1011 899 canuno.
1033 847 1121 898 srac.
1145 847 1229 898 arar.

792 1467 795 1474 ¹
888 1389 966 1456 om.
990 1387 1081 1455 XLI.

285 1512 439 1694 {libibiis
505 1563 556 1630 De
585 1561 658 1630 nite
691 1563 741 1630 ecl
778 1569 881 1628 saorla
913 1561 1062 1646 Sipha-ati
1098 1561 1186 1648 repis
1217 1560 1452 1628 Orientalium

317 1663 347 1696 01⁸

285 1684 408 1780 vigera]
890 1663 1079 1730 'samonum'

285 1839 395 1904 Sigeon,
498 1827 550 1892 Eo
581 1832 726 1913 tempore
758 1826 859 1892 etiam
891 1825 1039 1890 Saxones
1062 1825 1244 1890 Orientales
1275 1824 1373 1890 fidem
1403 1847 1503 1910 quam

284 1907 389 2026 {³33
453 1929 531 1994 aaa
555 1930 691 2016 expulso
720 1929 868 2015 episeopo
900 1927 1123 1994 canaonem
1151 1926 1277 1992 menso
1308 1926 1501 2006 abicerent,

452 2031 611 2096 instantia
633 2032 718 2117 regis
733 2029 834 2114 Oswij
859 2035 1057 2116 receperunt.
1104 2028 1186 2094 Erat
1212 2032 1322 2094 autem
1344 2050 1404 2094 rex
1421 2029 1504 2093 eius·

454 2133 528 2198 dem
551 2133 728 2218 provinciae
757 2129 937 2218 Sigbertus,
963 2132 1020 2216 qui
1046 2134 1121 2216 post
1147 2129 1360 2216 Segebertum
1390 2153 1505 2218 cogno·

454 2238 566 2298 mento
597 2233 743 2298 Parvum
766 2234 928 2319 regnavit,
959 2233 1082 2297 amicus
1113 2232 1257 2297 eiusdem
1288 2231 1378 2298 Oswi
1401 2233 1504 2319 ragis3

454 2336 511 2420 qui
533 2355 608 2399 cum
630 2335 817 2420 frequenter
842 2333 886 2398 ad
912 2356 987 2399 eum
1013 2335 1049 2397 in
1075 2333 1242 2420 provincia
1264 2332 1503 2407 Nerthumbro

453 2459 528 2502 mm
564 2437 698 2513 veniret,
737 2436 863 2502 solebat
901 2459 975 2501 eum
1013 2434 1137 2501 hortari
1174 2435 1218 2500 ad
1254 2435 1502 2523 intelligendum

454 2540 531 2604 deos
569 2560 637 2604 esse
674 2559 741 2603 non
779 2561 880 2624 posse,
921 2539 978 2622 qui
1015 2537 1186 2602 hominnm
1231 2537 1383 2602 manibus
1427 2537 1504 2603 facti

454 2645 581 2721 essent3
612 2641 665 2706 dei
689 2640 820 2706 creandi
846 2640 1018 2705 materiam
1042 2639 1169 2726 lignum
1196 2639 1249 2704 vei
1273 2639 1414 2726 lapidem
1437 2661 1503 2704 esse

453 2765 520 2808 non
542 2763 645 2830 posse,
667 2763 806 2828 quorum
827 2741 978 2807 recisurae
1001 2741 1053 2805 vel
1076 2739 1147 2826 igni
1170 2740 1428 2820 absumerentur,
1451 2741 1504 2806 val

453 2843 489 2911 in
512 2866 592 2911 vasa
622 2844 779 2931 quaelibet
809 2843 945 2908 hnmani
975 2865 1053 2908 usus
1083 2841 1310 2919 formarentur,
1335 2843 1389 2908 vel
1419 2849 1505 2910 certe

453 2948 618 3035 despectui
644 2947 758 3011 habita
783 2946 1013 3032 proicerentur,
1040 2944 1234 3031 etpedibus
1258 2944 1503 3011 concidcatain

453 3052 574 3115 terram
597 3052 809 3115 verterentur.
856 3045 965 3111 Deum
987 3046 1096 3132 potius
1118 3045 1368 3133 intelligendum
1391 3048 1505 3113 maies-

454 3156 525 3217 tate
557 3148 926 3237 incomprehensibilem,
964 3146 1118 3212 humanis
1157 3148 1257 3213 oculis
1294 3148 1501 3227 invisibilem,

455 3252 722 3338 omnipotentem,
747 3255 915 3326 aeternum,
940 3250 997 3334 qui
1020 3249 1137 3314 nalum
1165 3255 1199 3315 et
1229 3254 1350 3314 terram
1381 3256 1415 3317 et
1444 3252 1504 3316 hn-

455 3375 591 3418 manum
624 3375 728 3439 genus
761 3356 909 3427 creasset,
948 3354 1082 3437 regeret,
1118 3356 1152 3416 et
1189 3351 1390 3416 indicaturus
1421 3360 1505 3420 onec

457 3454 568 3520 orbem
590 3455 627 3519 in
648 3455 825 3539 aequitate;
855 3452 948 3518 cuius
974 3452 1066 3518 sedes
1088 3458 1212 3518 aeterna
1233 3474 1299 3517 non
1326 3454 1361 3517 in
1388 3454 1446 3518 vili
1471 3462 1505 3522 et

456 3556 577 3620 caduco
598 3555 739 3632 metallo,
763 3555 820 3620 sed
842 3555 878 3619 in
899 3554 988 3619 coelis
1011 3559 1095 3619 esset
1117 3552 1296 3619 credenda:
1324 3557 1504 3643 meritoque

455 3656 713 3743 intelligendum,
738 3655 826 3741 quod
849 3635 1045 3741 omnes‘qni
1070 3656 1276 3721 voluntatem
1302 3656 1371 3721 eiua
1397 3680 1417 3722 a
1439 3681 1504 3744 qno

455 3758 556 3824 creati
578 3763 658 3824 sunt
681 3757 842 3823 discerent
864 3762 899 3822 et
920 3758 1072 3834 facerent,
1089 3760 1213 3823 aeterna
1227 3757 1349 3823 abillo
1371 3761 1505 3845 praemia

455 3868 564 3927 assent
589 3861 779 3948 percepturi.
826 3858 909 3924 Haec
940 3865 973 3924 et
998 3858 1185 3924 huiusmodi
1212 3860 1317 3923 multa
1343 3882 1417 3925 cum
1446 3884 1506 3929 rex
1584 3892 1587 3897 ·

458 3963 550 4031 Oswi
575 3964 646 4051 regi
676 3962 829 4049 Sigberto
859 3960 988 4025 amicali
1018 3966 1053 4026 et
1083 3960 1175 4047 quasi
1204 3960 1349 4027 fraterno
1373 3964 1506 4031 consilio

456 4086 542 4153 saepe
573 4064 757 4141 inculcaret,
791 4063 926 4128 tandem
963 4062 1099 4127 iuvante
1137 4062 1315 4128 amicorum
1347 4086 1505 4133 consensu

456 4168 603 4243 credidit,
628 4172 663 4231 et
684 4166 771 4231 facto
794 4187 869 4230 cnm
899 4162 966 4229 suis
996 4163 1138 4241 oonsilio
1167 4186 1241 4229 cum
1267 4164 1504 4248 exhortatione,

318 4266 326 4315 i
400 4298 411 4310 ·
456 4267 644 4332 faventibus
667 4267 792 4331 cunctis
821 4272 856 4331 et
885 4265 1106 4331 annuentibus
1130 4266 1214 4344 fidei,
1242 4264 1430 4353 baptizatus
1454 4274 1506 4338 est

347 4372 353 4385 ‘
457 4389 531 4434 cum
553 4368 601 4433 eis
622 4388 643 4432 a
668 4366 793 4432 Finano
821 4367 970 4455 episcopo
994 4367 1030 4433 in
1053 4368 1133 4433 villa
1162 4366 1253 4455 regia
1278 4368 1370 4435 cuius
1396 4372 1505 4459 supra¹

454 4750 495 4802 bel
509 4671 586 4721 From
605 4671 665 4723 Bad.
676 4667 712 4720 iii.
724 4675 765 4732 22,
777 4669 834 4720 arbo
849 4670 964 4723 reserato
975 4670 1011 4721 iii.
1029 4675 1068 4731 21,
1088 4672 1172 4723 which
1189 4673 1353 4738 correspouda
1372 4680 1398 4724 to
1416 4672 1456 4724 ch.
1468 4676 1502 4723 ⁴2

495 4765 543 4801 ow.
