3542 5800
451 886 515 950 342
718 902 780 951 arc.
805 902 851 951 na
874 902 1005 951 erasus.
1030 900 1117 951 srrc.
1142 896 1227 949 msr.

283 1096 701 1182 Rog.wend.Cour1NUAr10.
749 1098 799 1166 Dc
818 1098 982 1188 passione
1007 1096 1129 1167 &aaut
1142 1092 1329 1164 Edmuada‘
1350 1090 1440 1177 repa
1464 1096 1495 1156 et

282 1190 379 1302 {iffi-¹³
891 1200 1063 1291 matyris.

281 1318 387 1369 Westm.

282 1400 306 1448 r·
319 1391 376 1437 ³19·
496 1388 672 1458 Hluuwsa
696 1391 799 1481 igitur
813 1416 886 1460 eum
912 1396 952 1460 de
976 1399 1084 1481 strage
1110 1393 1178 1459 auis
1199 1391 1295 1457 illata
1316 1386 1494 1457 inconsola-

282 1478 387 1595 {fssgl
400 1479 430 1530 of
448 1494 561 1561 biliter
583 1498 747 1579 anxiatur,
771 1498 868 1563 venit
890 1499 934 1562 ad
957 1519 1033 1563 eum
1055 1498 1144 1584 apud
1166 1492 1345 1561 Thetford¹
1370 1492 1495 1557 Hubba

279 1574 364 1664 mand.
449 1598 550 1663 irater
573 1600 649 1679 eius,
674 1602 732 1686 qui
753 1602 820 1665 iam
835 1600 992 1666 Marciam
1013 1606 1120 1666 totam
1143 1599 1400 1687 depopulaverat
1421 1616 1495 1660 cum

450 1700 561 1766 decem
584 1698 717 1769 milibus
749 1707 958 1770 armatorum.
1017 1702 1063 1769 Et
1086 1704 1132 1770 sic
1153 1700 1276 1769 iunctis
1297 1701 1433 1779 viribus,
1457 1704 1496 1763 ut

448 1826 481 1869 se
514 1805 721 1896 vindicarent
753 1808 790 1873 in
827 1813 979 1873 sanctum
1003 1829 1112 1895 regem
1141 1806 1356 1872 Edmundnm
1388 1806 1496 1868 castra

449 1913 627 1990 moventes,
651 1910 694 1975 ad
717 1910 936 1976 Hailesduum
961 1912 1085 1991 villam,
1113 1932 1177 1996 quo
1199 1932 1260 1975 rex
1285 1907 1495 1973 beatissimus

449 2012 643 2079 Edmundus
676 2019 758 2081 tunc
794 2020 873 2093 erat,
922 2004 1069 2083 celeriter
1105 2018 1333 2102 peruenerunt.
1403 2002 1495 2075 'Iunc

447 2120 609 2202 tyrannus
626 2114 790 2205 Hiugwar
811 2118 909 2185 iussit
931 2118 1141 2207 circumcingi
1163 2140 1274 2206 regem
1295 2138 1371 2182 cum
1385 2110 1494 2190 turba,

448 2219 631 2307 nequidem
646 2242 731 2287 unus
747 2244 788 2288 ex
804 2224 956 2289 omnibus
971 2221 1238 2289 evaderetvivus
1263 2218 1496 2286 sanctissimus

447 2324 559 2410 itaque
593 2347 653 2391 rex
687 2324 892 2409 Edmundus,
925 2350 1000 2393 cum
1024 2348 1057 2392 se
1095 2324 1138 2391 ab
1167 2322 1319 2390 hostibus
1348 2320 1495 2407 undique

280 2412 294 2445 ⁰
350 2434 356 2445 '
447 2426 608 2493 vallatum
646 2436 861 2516 cognosceret,
895 2430 936 2496 de
969 2430 1104 2497 consilio
1147 2426 1327 2494 Humberti
1358 2421 1495 2491 Helma-

446 2530 556 2595 hensis
582 2530 721 2619 episcopi
756 2532 905 2621 confugit
927 2534 970 2599 ad
993 2533 1168 2614 ecclesiam,
1193 2536 1233 2599 ut
1255 2554 1289 2597 sa
1311 2528 1494 2595 membrum

447 2632 571 2699 Christi
619 2636 816 2718 ostenderet,
857 2642 893 2703 et
937 2638 1036 2703 armis
1071 2636 1307 2725 temporalibus
1341 2631 1494 2721 proiectis

446 2740 593 2806 coelestia
607 2741 727 2825 induit,
743 2742 915 2811 humiliter
938 2746 1070 2811 Patrem
1093 2750 1128 2811 et
1144 2735 1264 2810 Filium
1281 2764 1354 2807 cum
1371 2739 1493 2805 Sancto

447 2842 575 2932 Spiritu
613 2844 793 2935 deprecans,
832 2852 872 2914 ut
910 2848 973 2914 sibi
1010 2848 1046 2913 in
1086 2845 1237 2936 passione
1274 2841 1493 2911 constantiam

445 2948 651 3034 largirentur.
707 2949 818 3038 Igitur
848 2970 868 3016 a
906 2952 1069 3017 ministris
1098 2948 1288 3037 iniquitatis
1313 2947 1495 3014 clementis-

446 3053 547 3118 simus
578 3075 637 3118 rex
675 3051 872 3120 Edmuudus
905 3054 949 3120 ab
983 3053 1115 3120 ecclesia
1146 3052 1349 3119 truculenter
1383 3053 1495 3116 extra·

445 3155 545 3234 hitur,
569 3155 648 3222 loris
664 3155 848 3223 durissimis
871 3163 1046 3237 coartatur,
1074 3161 1109 3223 et
1133 3158 1218 3223 sicut
1242 3155 1394 3222 Christus
1416 3157 1493 3219 ante

446 3259 591 3325 Pilatum
607 3259 794 3348 praesidem,
816 3261 866 3326 ita
889 3261 1022 3327 ducitur
1044 3259 1240 3326 Edmundus
1269 3254 1494 3324 sanctissimus

446 3367 523 3427 ante
546 3363 787 3449 iniquissimum
810 3363 960 3442 iudicem,
988 3363 1121 3452 cupiens
1144 3366 1213 3430 eius
1235 3362 1327 3449 sequi
1342 3359 1492 3446 vestigia,

446 3465 504 3552 qui
526 3487 584 3554 pro
607 3467 702 3532 nobis
741 3467 930 3534 immolatus
961 3473 1011 3533 est
1038 3466 1152 3533 hostia.
1213 3463 1354 3531 Vinctus
1381 3465 1494 3549 itaque

446 3565 560 3633 multia
608 3569 713 3634 modis
753 3570 915 3648 illuditur,
962 3593 998 3637 ac
1038 3571 1171 3636 tandem
1209 3557 1388 3655 fustigatus
1424 3566 1493 3631 acri

446 3667 607 3736 instantia
632 3668 824 3759 producitur
847 3673 891 3739 ad
915 3671 1080 3759 quandam
1104 3675 1252 3738 arborem
1273 3671 1424 3749 vicinam,
1448 3667 1493 3734 ad

446 3796 545 3861 quam
577 3775 735 3864 religatus
759 3776 872 3864 flagris
908 3777 1091 3842 durissimis
1126 3765 1309 3841 diutissime
1330 3777 1493 3854 vexatur3

445 3869 505 3945 nec
542 3877 695 3960 vincitur,
735 3901 861 3968 semper
903 3875 1073 3948 Christum
1112 3878 1292 3945 invocando
1329 3875 1493 3942 flebilibus

445 3981 588 4049 vocibus.
646 3981 764 4069 Sisque
788 3983 915 4049 athleta
936 3983 1001 4049 Dei
1026 3981 1224 4049 Edmundus
1253 3981 1342 4045 inter
1363 3977 1493 4067 flagella

448 4087 616 4153 Christum
641 4104 769 4173 semper
799 4082 981 4152 invocando
1003 4093 1145 4153 tortores
1171 4104 1247 4152 suos
1277 4080 1435 4173 compulit
1457 4083 1492 4148 in

445 4188 596 4257 furorem.
643 4189 717 4270 Qua
739 4189 780 4255 de
804 4211 839 4256 re
859 4189 1038 4256 adversarii
1060 4191 1096 4255 in
1118 4189 1261 4256 furorem
1278 4188 1376 4268 versi,
1399 4187 1492 4275 quasi

446 4291 489 4358 ad
516 4290 647 4381 signum
670 4288 812 4359 ludendo
839 4315 915 4360 eum
941 4298 1014 4360 toto
1041 4306 1173 4382 corpore
1197 4293 1394 4381 sagittarum
1415 4288 1491 4355 telis

279 4403 334 4466 trs.
347 4415 381 4475 Λ,
448 4393 663 4477 confodiunt,²
687 4395 943 4484 multiplicantes
957 4396 1170 4464 acerbitatem
1193 4396 1357 4463 cruciatus
1372 4392 1492 4460 crebris

280 4483 321 4534 s⁰¹·
337 4488 366 4533 ¹⁰
379 4499 400 4534 ²¹¹
446 4500 587 4566 telorum
609 4498 760 4581 iactibus,
779 4501 935 4587 quoniam
957 4499 1095 4566 milnera
1117 4500 1306 4567 vulneribus
1327 4487 1492 4586 imprime-

480 4818 488 4848 ¹
506 4813 633 4883 lhetfhrd]
647 4803 765 4878 rhetori,
776 4811 831 4869 MS.
974 4817 980 4886 l
1026 4808 1200 4886 ‘confodiam
1212 4813 1423 4878 cuthberthi&
