3542 5800
464 862 511 937 24
732 872 800 931 nm
822 868 1138 929 promeruisse
1161 866 1248 923 mss.

466 1062 720 1130 miserioordiam
748 1060 973 1139 adhibueritis,
1005 1058 1048 1125 ad
1078 1057 1292 1143 quodeunque
1321 1046 1515 1139 supplicium

466 1165 652 1233 voluntarie
666 1164 825 1252 paratos.''
871 1164 984 1229 Motus
999 1162 1102 1249 igitur
1116 1160 1239 1248 pietate
1254 1156 1407 1222 Aurelius
1422 1152 1518 1217 mise-

467 1268 639 1335 ricordiam
668 1267 796 1332 habuit¹
824 1265 942 1331 desis
998 1263 1156 1349 Exemplo
1180 1260 1280 1327 etiam
1304 1259 1397 1323 Oetae
1422 1254 1516 1347 venit

467 1376 502 1437 et
527 1370 620 1448 Cosa,
646 1368 810 1454 oeterique
840 1366 897 1453 qui
924 1360 1392 1454 diffirgerant‚miserioordiam
1409 1357 1517 1443 ,impe-

467 1478 600 1539 trantes
661 1471 764 1537 Dedit
793 1491 870 1557 ergo
900 1470 946 1535 eis
976 1469 1141 1557 regionem
1168 1485 1267 1553 prope
1298 1460 1450 1537 Sootiam,
1481 1464 1515 1523 et

467 1577 574 1645 soedus
599 1596 674 1641 oum
700 1573 747 1641 eis
768 1571 981 1639 oonfirmavit.

880 1850 960 1921 Osa.
984 1850 1115 1921 XVIII.

704 2091 825 2159 urbem
846 2091 1127 2159 martianaeum
1149 2090 1282 2158 obsedit.

301 2240 437 2317 amem
514 2228 616 2306 Esus,
641 2227 699 2313 qui
725 2227 890 2313 regionem
914 2226 1119 2293 Australium
1143 2226 1319 2305 Saxonum,
1348 2230 1387 2290 ut
1406 2243 1518 2310 supra-

300 2306 451 2423 ffisffl'
470 2330 594 2396 dietum
617 2335 676 2409 est,
701 2335 922 2415 oocupaverat,
948 2351 1033 2394 anno
1057 2330 1173 2417 gratiae
1198 2326 1518 2416 quadringentesimo

300 2447 382 2489 mene
391 2439 457 2489 fron
469 2430 678 2518 nonagesimo
693 2430 832 2496 seeurnio
847 2432 940 2497 venit
955 2453 999 2497 ex
1014 2432 1163 2519 partibus
1179 2431 1362 2497 Gennaniae
1377 2428 1518 2494 militare

301 2505 440 2637 „m”
470 2536 632 2599 adducens
655 2533 845 2610 subsidium,
871 2534 963 2598 euius
986 2535 1091 2599 fretus
1117 2533 1240 2598 auxilio
1266 2532 1519 2597 Andsedeeestre

300 2637 405 2703 uegeto
470 2637 585 2701 urbem
604 2636 847 2711 munitissimam
870 2636 1006 2701 obsedit.
1056 2636 1129 2716 Quo
1151 2636 1273 2713 audibo,
1297 2634 1519 2700 convenerunt

301 2704 432 2821 w*
469 2739 614 2825 undique
641 2738 792 2804 Britones
817 2738 860 2803 ad
889 2739 1023 2804 modum
1049 2738 1211 2803 examinis
1240 2758 1348 2825 apum,
1379 2739 1414 2801 et
1443 2732 1521 2797 assi-

469 2840 625 2908 lientibus
640 2840 825 2906 Saxonibus
840 2862 860 2906 a
874 2846 968 2928 tergo
991 2862 1117 2928 semper
1139 2839 1325 2906 assistentes
1348 2860 1421 2904 eum
1440 2834 1519 2902 viris

468 2943 656 3030 sagittariis,
694 2943 803 3008 hostes
840 2942 958 3008 aeriter
994 2943 1202 3009 infestabant.
1254 2941 1405 3007 Dimissis
1443 2959 1519 3026 ergo

468 3047 639 3123 moenibus,
657 3045 802 3113 Saxones
812 3067 940 3132 gressus
955 3051 990 3110 et
1004 3067 1095 3110 arma
1109 3045 1144 3109 in
1160 3045 1312 3110 Britones
1327 3042 1520 3132 dirigebant

461 3149 519 3237 ¹At
534 3149 685 3214 Britones
711 3149 831 3235 pedum
855 3147 1029 3212 velocitate
1051 3152 1270 3234 etcorporum
1285 3147 1433 3234 agilitate
1457 3145 1520 3208 illis

469 3251 717 3336 praestantiores,
743 3250 841 3315 silvas
864 3250 1031 3336 petebant,
1058 3255 1157 3336 atque
1181 3250 1301 3315 iterum
1333 3248 1520 3314 Senonibus

469 3353 513 3416 ad
549 3352 672 3417 moenia
708 3351 927 3428 tendentibus,
966 3373 1094 3416 rursum
1132 3375 1152 3416 a
1181 3357 1274 3438 tergo
1311 3350 1520 3417 infestabant.

471 3451 545 3518 Hae
559 3459 630 3516 arte
646 3448 932 3518 Saxones‘diutius
946 3453 1085 3539 fatigati,
1110 3460 1253 3540 stragem
1267 3476 1334 3518 non
1349 3453 1519 3521 minimam

470 3557 549 3618 sunt
567 3552 716 3640 perpemi.
763 3552 855 3620 Tunc
881 3553 1028 3620 Saxones
1050 3555 1228 3621 exereitum
1251 3555 1287 3621 in
1310 3557 1390 3621 (luas
1413 3560 1520 3644 partes

472 3655 663 3734 dividentes,
689 3650 815 3742 partem
839 3677 941 3720 unam
963 3657 1127 3722 moenibus
1150 3657 1302 3736 civitatis,
1327 3659 1463 3724 aiteram
1478 3655 1521 3724 ad

472 3758 679 3823 debellandos
702 3758 854 3840 Britones
876 3759 1091 3846 assignarunt.
1138 3759 1236 3826 Cives
1258 3781 1334 3825 vero
1365 3761 1522 3826 diuturna

472 3862 558 3926 fame
572 3860 704 3948 fatigati
728 3866 763 3926 et
785 3861 946 3938 maoerati,
972 3881 1045 3926 cum
1068 3861 1133 3924 iam
1152 3862 1279 3954 pondus
1294 3862 1521 3928 infestantium

474 3964 643 4029 Saxonum
667 3963 792 4028 <liutius
814 3963 898 4028 fene
924 3962 1155 4048 nequivissent,
1176 3985 1287 4029 omnes
1301 3964 1336 4028 in
1352 3986 1406 4030 ore
1420 3965 1522 4052 gladii

304 4087 463 4156 nerem„
474 4067 661 4153 perierunt;
705 4065 938 4150 civitatemque
976 4064 1084 4129 hostes
1129 4063 1278 4132 fimditus
1322 4067 1521 4134 deleverunt.

303 4158 431 4210 ‘mm
476 4167 580 4233 Loous
605 4172 716 4231 autem
738 4166 883 4231 civitatis
906 4187 1009 4251 usque
1027 4166 1123 4231 hodie
1145 4169 1392 4234 transeuntibus
1415 4177 1523 4235 osten·

474 4271 565 4336 ditur
579 4268 748 4333 desolatus
788 4267 912 4332 Mansit
927 4291 1003 4355 ergo
1018 4267 1139 4334 ibidem
1153 4269 1223 4334 Elle
1238 4291 1312 4336 oum
1327 4271 1434 4338 tribus
1449 4273 1524 4338 filiis

473 4372 547 4449 suis,
573 4376 607 4436 et
630 4369 795 4456 regionem
821 4369 912 4434 illam
938 4392 1012 4454 quae
1033 4393 1134 4456 usque
1157 4371 1254 4436 bodie
1269 4371 1406 4459 Anglioe
1422 4373 1524 4439 Suth-

473 4497 557 4552 sexe,
575 4473 691 4538 Latine
715 4477 826 4538 autem
850 4471 953 4558 Regio
977 4473 1180 4538 Austraiium
1204 4472 1373 4540 Saxonum
1395 4477 1525 4555 dieitur,

473 4577 576 4644 colere
591 4575 713 4661 ooepit„

871 4801 988 4870 ¹lrobui1]
1002 4802 1068 4865 hinc,
1081 4803 1136 4856 MS.
