3542 5800
466 874 531 939 318
702 918 705 927 .
731 883 796 934 arc.
819 882 866 933 na
887 878 1021 931 manta
1043 878 1132 931 sanc
1155 878 1243 929 mer.

465 1077 513 1163 (et
548 1074 697 1142 calceatis
720 1074 812 1161 ligno
833 1068 1014 1159 poplitibus
1045 1068 1217 1135 nitebatur
1249 1086 1310 1153 pro
1340 1064 1512 1154 gressibus.

465 1179 651 1248 scabellula
673 1198 733 1265 pro
756 1176 882 1241 bacillis
906 1172 1161 1261 suppeditabant
1179 1170 1343 1251 manibus,
1367 1180 1402 1237 et
1426 1191 1514 1264 agre

464 1282 698 1351 sustentabant
742 1278 841 1345 labile
886 1278 1015 1363 corpus)
1060 1276 1191 1341 videres
1249 1274 1414 1341 homiuem
1468 1274 1513 1341 ad

465 1387 610 1455 coelestia
641 1381 893 1471 contemplanda
922 1380 1139 1447 sublimatum
1168 1378 1292 1465 pcccati
1321 1377 1510 1443 condicione

464 1494 500 1558 in
530 1490 647 1579 reptile
676 1508 876 1555 conversum.
935 1484 1044 1571 Igitur
1077 1504 1185 1549 coram
1221 1481 1322 1548 beato
1351 1480 1512 1547 Kenelmc

465 1602 538 1662 tcta
567 1595 620 1660 die
650 1590 857 1659 uniformiter
886 1587 1080 1676 genuflexus
1113 1589 1173 1650 aut
1201 1606 1290 1673 genu
1327 1604 1514 1671 progressus

465 1696 663 1787 implorabat
700 1694 814 1759 multis
852 1696 1021 1777 comptum
1058 1688 1177 1753 salutis
1213 1708 1341 1753 munus.
1390 1687 1514 1752 Verum

465 1806 633 1867 transacta
669 1796 820 1865 sollemni
857 1796 921 1873 die,
958 1815 1033 1859 cum
1070 1793 1138 1856 iam
1175 1792 1327 1877 sequenti
1372 1790 1515 1855 diluculo

465 1908 596 1993 pararet
633 1900 795 1968 discedere
832 1897 1043 1984 desperando,
1072 1894 1183 1960 subito
1213 1894 1390 1979 corripitur
1418 1892 1516 1957 mira

465 2010 546 2075 culo.
601 2006 816 2091 Rumpuntur
852 1999 952 2066 fortia
988 1999 1059 2065 lora
1095 1998 1268 2085 lignorum,
1302 1997 1516 2061 excutiuntur

465 2108 642 2178 hincinde
664 2108 783 2193 lignem
802 2104 933 2170 conchae
955 2124 1108 2190 genuum,
1132 2101 1238 2187 surgit
1260 2100 1302 2164 de
1323 2104 1440 2165 trunco
1462 2100 1517 2164 vir

466 2236 616 2303 procerus
638 2212 674 2277 in
697 2214 821 2275 statum
848 2228 952 2272 suum.
1008 2205 1109 2271 Unde
1138 2225 1251 2271 ornnes
1280 2206 1419 2269 cantant
1448 2202 1516 2267 Do-

467 2318 555 2387 mino
582 2318 618 2383 in
644 2318 757 2381 sancto
783 2333 842 2379 suo
866 2309 974 2376 laudis
996 2309 1167 2396 hymnum.

869 2602 1122 2673 Oouuuuarm.

514 2816 605 2887 Amo
631 2838 760 2908 quoque
783 2823 931 2905 tempore
956 2822 1094 2884 venerat
1115 2816 1194 2885 illuc
1217 2818 1353 2907 quidam
1377 2818 1517 2885 Saxoni-

470 2945 526 2990 cus
551 2923 637 2990 ferro
666 2928 816 2990 ventrem
846 2922 1021 3001 accinctus,
1051 2943 1110 3008 per
1138 2923 1248 2988 visum
1277 2923 1319 2988 de
1348 2928 1418 2989 tam
1447 2923 1520 2988 lon·

469 3029 593 3115 ginquc
623 3028 659 3093 in
689 3027 847 3113 Angliam
884 3025 929 3090 ad
965 3025 1100 3090 beatum
1137 3023 1344 3103 Kcnelmum,
1375 3032 1417 3092 ut
1448 3027 1519 3113 ipsc

469 3132 638 3214 referebat,
677 3132 788 3197 venire
826 3129 943 3207 iussus,
981 3129 1138 3194 nimirum
1181 3128 1272 3215 apud
1312 3131 1420 3216 ipsum
1456 3129 1520 3194 aol-

469 3234 604 3302 vcndus.
668 3232 862 3315 Quindecim
888 3235 1000 3296 autem
1030 3229 1144 3296 diebus
1181 3233 1420 3319 anticipaverat
1449 3232 1520 3297 eiua

470 3339 659 3404 nataliciam
698 3336 960 3412 sollemnitatem,
996 3334 1168 3422 postulans
1211 3340 1376 3423 speratam
1416 3336 1520 3422 ipsius

470 3441 714 3506 absolutionem.
782 3441 805 3505 J
807 3461 861 3505 am
920 3459 1000 3504 vero
1058 3439 1240 3504 instantem
1295 3439 1520 3505 celebritatem

470 3542 703 3610 attentioribus
733 3541 857 3632 vigiliis
888 3547 924 3609 et
953 3540 1158 3608 orationibus
1195 3541 1377 3621 exercebat,
1404 3547 1523 3628 utpote

471 3648 528 3735 qui
551 3647 635 3714 hanc
660 3645 723 3712 sibi
749 3645 894 3711 maxime
923 3644 1169 3711 remediabilem
1199 3645 1406 3732 expectabat.
1452 3643 1521 3713 Sed

470 3749 691 3838 expectandus
721 3753 772 3814 eat
802 3749 966 3815 Dominus
995 3748 1098 3814 donoc
1126 3749 1328 3828 misereatur,
1358 3750 1416 3836 qui
1452 3769 1522 3814 non

471 3859 593 3935 nostro,
620 3853 678 3919 sed
708 3873 766 3918 suo
798 3852 856 3938 qui
884 3873 945 3917 nos
971 3850 1060 3932 fecit,
1089 3850 1226 3918 arbitrio
1255 3853 1351 3918 nobis
1380 3851 1521 3917 salutem

470 3963 632 4045 operatur.
671 3955 790 4042 Itaque
804 3955 902 4020 finita
914 3953 972 4020 illa
991 3955 1064 4021 lucc
1079 3955 1238 4034 sollemni,
1256 3955 1523 4021 obtenebrescere

471 4061 572 4148 coepit
604 4061 641 4126 in
678 4059 807 4124 advena
836 4058 898 4122 lux
926 4061 1136 4144 presumpta
1172 4057 1259 4124 fidei
1306 4057 1416 4137 Mane,
1447 4081 1523 4123 cum

471 4163 635 4229 discedere
679 4161 784 4227 salute
831 4159 899 4226 iam
948 4161 1120 4248 desperata
1156 4165 1296 4247 pararet,
1335 4160 1524 4253 yaledicens

471 4271 583 4331 sancto
602 4287 678 4331 curn
700 4265 769 4330 alto
789 4263 953 4330 clamabat
975 4263 1122 4349 suspirio,
1162 4263 1219 4329 ‘¹0
1239 4264 1334 4330 beate
1353 4263 1523 4342 Kenelme‚

471 4367 601 4434 coalitus
630 4367 713 4432 mihi
739 4368 885 4432 revelate
924 4370 958 4432 et
994 4367 1030 4431 in
1070 4365 1298 4433 liberationem
1332 4368 1524 4454 promissam

473 4471 513 4536 de
551 4475 622 4536 tam
659 4471 841 4558 longinquo
883 4471 1030 4557 quaesite,
1070 4470 1234 4556 quomodo
1268 4471 1352 4536 mihi
1388 4469 1526 4536 tandem

472 4575 563 4640 lente
586 4579 620 4640 ct
642 4579 821 4660 expectate,
846 4574 1047 4660 derelinquis
1069 4595 1132 4652 me,
1154 4579 1194 4638 ut
1214 4573 1285 4639 sine
1307 4595 1365 4660 spe
1385 4573 1526 4638 remedii

472 4699 569 4765 cogar
598 4675 817 4743 abscedero?”
872 4676 945 4741 Tali
975 4677 1073 4741 modo
1097 4698 1135 4740 eo
1161 4680 1380 4762 conquerente
1410 4675 1527 4740 statim

472 4782 594 4846 ferreus
616 4801 721 4846 nexus
744 4780 813 4844 eius
836 4779 1020 4844 confractus
1043 4777 1185 4858 dissiliit,
1201 4781 1237 4844 et
1258 4778 1428 4844 absolutus
1450 4799 1528 4843 rcus
