3542 5800
472 866 536 932 296
737 882 802 930 111
825 882 872 930 nr
894 881 1027 932 eunuc.
1050 881 1136 930 erac.
1160 876 1246 931 msr.

304 1069 330 1111 2⁰
341 1061 374 1111 ¹⁸⁵
383 1062 424 1112 ⁰¹⁶
469 1065 606 1130 diocesis
635 1069 816 1132 antecessor
847 1067 918 1132 eius
942 1065 1018 1132 Offa
1046 1089 1105 1132 rex
1127 1067 1338 1134 commisisset
1360 1064 1512 1144 edoctus‚¹

469 1167 678 1253 antiquitatis
695 1189 819 1234 morem
836 1169 1045 1236 devotissime
1066 1170 1238 1257 reparavit
1283 1169 1393 1236 Missis
1411 1169 1515 1256 igitur

468 1271 513 1335 ad
543 1270 690 1338 Leonem
720 1293 840 1359 papam
870 1273 1010 1338 Adriani
1044 1295 1258 1340 successorem
1287 1295 1347 1338 sua
1379 1277 1413 1337 et
1443 1293 1513 1336 om·

468 1372 562 1438 nium
584 1373 768 1460 Anglornm
790 1377 982 1462 pontificum
1004 1375 1158 1463 epistolis,
1182 1376 1253 1462 ipso
1275 1374 1511 1461 archiepiscopo

469 1474 667 1542 AEthelardo
699 1475 898 1564 legationem
928 1479 1081 1566 gnaviter
1101 1478 1268 1566 fungente,
1303 1477 1391 1565 quod
1416 1477 1513 1563 petiit

304 1586 375 1636 will
401 1577 667 1703 impetravit
727 1579 862 1668 Regalis
893 1603 971 1648 vero
1002 1581 1148 1668 epistolae
1179 1587 1314 1719 partem,
1348 1580 1445 1645 simul
1478 1583 1513 1644 et

302 1654 382 1703 ”²¹¹³
302 1725 379 1785 888
383 1669 448 1782 8’“’88
417 1659 677 1798 8‘'pontificalis,
700 1705 862 1771 apponere
884 1684 1024 1772 dignrun
1056 1706 1136 1750 reor.
1195 1683 1372 1750 “Domino
1394 1682 1513 1748 beatis·

304 1126 412 1194 ugnas.

302 1801 353 1852 ⁸011·
471 1783 554 1850 simo
583 1789 619 1852 et
639 1808 716 1852 vere
745 1787 971 1853 amantissimo
994 1787 1104 1866 Leoni,
1129 1793 1251 1852 11111111
1273 1790 1307 1852 et
1328 1785 1513 1872 apostolicae

302 1869 442 1989 wan
470 1888 555 1954 sedis
584 1887 746 1956 Romanae
782 1890 939 2008 pontifici,
979 1889 1173 1977 Kenulphus
1210 1890 1274 1955 Dei
1309 1889 1417 2006 gratia
1453 1909 1513 1952 rex

300 2019 365 2070 pope
374 2005 434 2056 Leo.
471 1991 665 2057 Marciorum
685 2015 760 2059 cum
789 1993 945 2081 episcopis
967 1999 1002 2060 et
1024 1992 1161 2058 ducibus
1190 1998 1224 2058 et
1246 1992 1336 2058 omni
1358 1989 1418 2056 sub
1441 2013 1514 2058 nos-

468 2098 521 2159 tra
542 2094 669 2162 dicione
690 2095 863 2182 dignitatis
891 2097 1006 2182 gradu,
1029 2096 1252 2162 sincerissima
1275 2095 1456 2160 dilectionis
1478 2095 1514 2158 in

469 2197 601 2263 Christo
639 2197 786 2264 sulutem
854 2197 987 2264 Gratias
1025 2199 1242 2284 omnipotenti
1279 2199 1350 2264 Deo
1387 2218 1514 2284 semper

466 2301 604 2386 agimus,
626 2301 685 2387 qui
706 2301 870 2366 ecclesiam
894 2323 952 2367 suo
974 2301 1115 2388 pretioso
1138 2301 1295 2388 sanguina
1315 2300 1513 2387 adquisitam

466 2402 554 2467 inter
591 2403 736 2472 diversas
773 2405 890 2470 mundi
922 2403 1021 2470 huius
1057 2404 1213 2490 proeellas
1246 2405 1341 2470 novis
1377 2425 1511 2490 semper,

466 2504 630 2590 prioribus
650 2506 694 2571 ad
715 2506 821 2571 vitam
843 2507 991 2594 sumptis,
1015 2507 1135 2573 suescit
1157 2506 1294 2572 ducibus
1316 2508 1360 2573 ad
1380 2513 1512 2594 portum

466 2608 581 2674 salutis
601 2608 774 2675 adtrahere
795 2631 932 2696 eamque
953 2633 1041 2676 nova
1062 2609 1133 2676 luce
1156 2609 1335 2687 infirudere,
1358 2609 1514 2696 quatinus

469 2711 561 2777 nullo
582 2711 628 2778 sit
649 2713 858 2778 tenebrarum
889 2735 995 2778 errore
1018 2713 1149 2791 frmeota,
1174 2713 1230 2778 sed
1252 2715 1340 2778 viam
1363 2713 1514 2778 veritatis

466 2814 624 2881 inoffenso
657 2815 739 2903 pede
771 2814 948 2903 gradiatur.
996 2815 1094 2882 Unde
1116 2816 1233 2882 merito
1256 2817 1362 2882 omnis
1384 2837 1441 2904 per
1463 2838 1514 2880 11-

467 2918 541 2985 bem
568 2920 697 2985 exultat
729 2919 870 2999 ecclesia,
904 2920 982 3006 quia
1003 2916 1078 2985 eum
1101 2920 1248 2986 omniurn
1270 2941 1367 2985 verus
1395 2920 1514 2985 Remu-

466 3028 598 3089 nemtor
629 3023 791 3091 bonorum
824 3022 1093 3110 gloriosissimum
1127 3023 1235 3112 gregis
1266 3024 1318 3089 sui
1348 3029 1513 3111 pastorem

466 3126 650 3193 Adrianum
681 3132 839 3214 perpetuo
861 3126 1138 3192 remunerandum
1165 3148 1262 3213 super
1284 3125 1409 3193 aethera
1431 3127 1511 3191 dux·

465 3229 552 3308 isset,
576 3228 645 3296 suis
673 3235 787 3295 tamen
818 3229 936 3296 ovibus
970 3229 1025 3316 pia
1056 3230 1163 3295 erexit
1193 3230 1403 3316 providentia
1433 3252 1515 3317 prae-

466 3334 559 3399 vium
580 3333 638 3419 qui
659 3334 722 3399 scit
743 3332 830 3399 ovile
852 3332 1064 3399 Dominicum
1087 3332 1130 3399 ad
1152 3333 1261 3399 1111111
1282 3354 1349 3399 non
1378 3332 1515 3398 inferius

465 3436 545 3502 vitae
578 3436 712 3523 agitare
768 3434 840 3501 Nos
874 3456 1005 3522 quoque
1038 3437 1165 3518 merito,
1204 3458 1285 3523 quos
1322 3437 1514 3503 extremitas

465 3538 553 3604 orbis
575 3542 677 3616 tenet,
711 3538 827 3605 eodem
851 3538 950 3605 modo
977 3562 1045 3626 praa
1069 3538 1185 3606 ceteris
1217 3539 1402 3627 gloriamur,
1435 3540 1514 3625 quia

463 3641 553 3705 illius
576 3640 763 3707 sublimitas
785 3646 900 3707 nostra
920 3641 1008 3708 salus
1026 3648 1084 3721 est,
1106 3642 1195 3709 illius
1220 3644 1398 3729 proceritas
1418 3643 1514 3709 nobis

464 3744 616 3830 perennis
641 3744 828 3824 exultati03
859 3746 938 3831 quia
961 3744 1049 3811 unde
1074 3746 1139 3811 tibi
1159 3746 1337 3832 apostolica
1359 3746 1512 3832 dignitus,

464 3848 541 3915 inde
567 3847 661 3914 nobis
684 3847 762 3913 fidei
785 3848 910 3913 veritas
935 3848 1090 3915 innotuit.
1159 3848 1364 3937 Quapropter
1397 3872 1513 3937 oppor-

463 3957 582 4017 tunum
604 3951 745 4017 arbitror
766 3950 834 4016 tuis
855 3952 978 4018 sanctis
1008 3951 1205 4019 iussionibus
1227 3976 1338 4019 aurem
1362 3953 1514 4019 obedien·

463 4056 521 4122 tiae
542 4060 664 4121 nostrae
684 4052 854 4119 humiliter
875 4053 1036 4131 inclinari,
1068 4058 1102 4119 et
1123 4076 1198 4141 quae
1220 4061 1288 4122 tuae
1310 4056 1427 4143 pietati
1449 4056 1513 4123 rita

463 4159 558 4225 nobis
574 4157 738 4244 sequenda
758 4156 932 4223 videantur
954 4162 1026 4224 toto
1048 4158 1124 4223 nisu
1145 4158 1318 4245 implenda,
1341 4181 1415 4245 quae
1434 4180 1513 4226 veru

462 4260 583 4327 rationi
612 4260 773 4327 contraria
806 4258 1005 4347 deprehensa
1037 4260 1161 4326 fuerint
1192 4261 1289 4327 citius
1321 4262 1513 4327 declinanda

461 4386 500 4428 ac
531 4363 666 4429 interim
687 4386 709 4429 a
737 4363 831 4429 nobis
864 4363 1060 4429 omnimodis
1093 4364 1273 4431 resecanda
1319 4364 1385 4430 Sed
1415 4365 1511 4431 modo

460 4488 520 4554 ego
545 4465 741 4553 Kenulphus
774 4466 882 4552 gratia
904 4466 969 4531 Dei
991 4488 1050 4531 rex
1080 4466 1305 4533 excellentiam
1337 4473 1429 4533 tuam
1450 4467 1513 4535 hu-

1072 4680 1174 4687 --...
1195 4682 1200 4685 -
1242 4680 1249 4686 -.
1268 4682 1288 4687 8.-
1308 4680 1503 4691 --ο-*-

821 4812 829 4848 ¹
845 4816 956 4884 edoctus]
970 4832 1000 4869 ec
1010 4818 1106 4880 1111111,
1117 4816 1174 4870 MS.
