3542 5800
474 870 538 935 368
733 882 797 936 mc
821 884 867 933 nn
889 882 1025 935 crasso.
1049 884 1141 935 seso.
1164 884 1251 935 nur.

308 1084 462 1205 foliisifl'
866 1109 1118 1182 Ooumuunrro.

307 1237 363 1339 lib.
376 1288 408 1347 Β,
520 1263 600 1329 Ouu
636 1264 739 1351 igitur
777 1264 930 1331 Ohnutus
967 1265 1098 1351 Augliae
1142 1286 1213 1330 rem
1256 1262 1417 1351 publicam
1459 1284 1519 1349 per

307 1356 348 1405 f⁰¹·
361 1358 392 1405 ⁹⁷
405 1355 429 1405 b·
474 1366 617 1454 plurium
640 1389 799 1435 annorum
822 1369 984 1435 cunicula
1006 1376 1139 1434 strenue
1161 1367 1383 1455 gubernasset,
1404 1366 1519 1432 lauda-

307 1421 434 1553 liilsshl
473 1470 550 1536 sin
571 1470 652 1537 visa
678 1476 825 1559 tempore
851 1472 949 1537 aaa
969 1472 1059 1538 viam
1082 1472 1247 1537 universe
1276 1470 1385 1537 amis
1413 1471 1519 1557 agre

308 1554 399 1607 ΟΜ
473 1574 572 1640 ditur.
630 1573 845 1641 certantibus
881 1582 994 1642 autem
1028 1574 1179 1641 Haraldo
1219 1580 1254 1640 et
1286 1573 1519 1640 Hardecnucto

472 1677 601 1743 duobus
632 1678 710 1743 filiis
742 1679 811 1743 eius
846 1677 888 1744 de
920 1679 1080 1765 prioratu,
1111 1677 1268 1763 quioquid
1305 1676 1520 1743 emolumenti

472 1779 631 1847 sobrietas
652 1781 756 1867 patris
771 1780 956 1847 contulerat
977 1780 1156 1846 liberorum
1171 1785 1368 1868 tempestate
1388 1801 1518 1866 pessum

471 1886 520 1953 ire
544 1888 652 1953 visum
676 1892 735 1953 est
781 1886 911 1967 Quibus
940 1886 1076 1953 tandem
1107 1887 1298 1975 evangelica
1325 1887 1385 1952 illa
1413 1885 1518 1951 securi

472 1989 610 2069 succisis,
633 1990 692 2077 qui
713 1990 836 2057 fractus
858 1990 1048 2077 putabatur,
1064 2012 1132 2056 suae
1154 2012 1265 2055 rursus
1288 1990 1385 2056 olivae
1405 2011 1518 2055 ramus

306 2098 420 2166 Cs-Ros·
472 2094 636 2159 inseritur.
702 2092 859 2181 Egressus
896 2092 985 2158 enim
1022 2116 1043 2159 a
1080 2092 1287 2159 Normannia
1324 2093 1517 2171 Edwardus,

306 2167 398 2297 {Vll}
472 2195 663 2262 Aetbelredi
689 2196 775 2284 regis
801 2217 957 2284 generose
982 2218 1135 2284 propago,
1159 2195 1373 2262 domesticum
1395 2196 1519 2283 pariter

305 2300 421 2418 desfrt
472 2304 506 2365 et
536 2299 789 2386 stipendiarium
820 2320 930 2365 secum
967 2298 1093 2365 babens
1130 2301 1309 2365 exercitum
1342 2299 1516 2387 copiosum,

305 2382 444 2497 ffllffi,
472 2401 592 2488 quippe
614 2402 672 2488 qui
694 2402 805 2467 fratris
832 2402 1046 2487 praemonitus
1067 2402 1219 2489 exemplo
1244 2401 1365 2467 similia
1390 2402 1519 2489 perpeti

304 2502 418 2581 maresa
473 2505 650 2584 metuebat,
675 2504 727 2570 ius
751 2511 927 2593 paternum
954 2528 1120 2594 reposcere
1149 2529 1216 2571 non
1240 2506 1404 2593 torpescit.
1451 2506 1517 2572 Sed

304 2568 453 2687 ppgpnffie
471 2630 599 2675 summo
622 2630 696 2675 cum
727 2608 872 2695 tripudio
895 2614 1066 2697 misceptus
1092 2610 1136 2675 ab
1165 2609 1238 2688 illis,
1263 2632 1404 2695 quorum
1428 2609 1516 2695 lega-

305 2702 409 2753 Μ’·
471 2712 562 2779 tione
585 2712 694 2779 fuerat
720 2710 892 2792 invitatus,
920 2712 1013 2779 heres
1039 2712 1209 2799 legitimus
1231 2712 1274 2777 ad
1303 2711 1436 2776 honoris
1465 2712 1518 2775 in·

470 2816 577 2903 signia
610 2822 830 2904 promovetur,
863 2816 964 2904 reguli
998 2816 1184 2881 diedemate
1214 2815 1391 2881 decoratus
1446 2813 1517 2881 Nec

469 2921 576 2986 multo
607 2927 682 3008 post
706 2925 858 2987 sanctum
884 2926 1065 3007 martyrem
1092 2920 1304 2985 Edmundum
1333 2943 1394 3007 pro
1424 2925 1516 2987 statu

471 3028 506 3089 et
534 3023 752 3112 prosperitate
777 3021 872 3110 regni
895 3027 937 3102 et,
965 3021 1054 3088 unde
1080 3024 1185 3088 maior
1207 3022 1375 3109 pendebat
1391 3022 1518 3101 'sollici-

471 3128 560 3206 tudo,
576 3148 635 3214 pro
658 3127 849 3192 delictorum
864 3125 1072 3212 impetrando
1087 3124 1250 3191 levamine
1272 3125 1515 3212 supplicaturus

472 3230 565 3308 adiit,
582 3229 639 3295 sed
661 3230 758 3295 aliter
779 3249 878 3316 quam
901 3228 951 3292 illi
974 3228 1032 3314 qui
1054 3228 1202 3293 fervente
1224 3249 1344 3315 pompa
1358 3228 1515 3306 saeculari.

472 3333 559 3398 vecti
588 3333 734 3398 faleratis
764 3331 865 3418 equis,
896 3329 937 3396 de
966 3330 1117 3396 vehiculo
1146 3352 1243 3417 super
1279 3329 1379 3396 limen
1409 3333 1514 3419 ipsius

471 3435 615 3501 basilicae
637 3435 756 3521 saepius
790 3433 1002 3500 dilabuntur.¹
1051 3432 1135 3500 Cum
1164 3433 1253 3498 enim
1282 3455 1451 3520 procerum
1480 3439 1517 3501 et

470 3536 675 3603 aulicorum2
697 3538 840 3625 stipatus
861 3537 1049 3622 frequentia
1081 3542 1261 3602 memorato
1282 3536 1353 3603 loco
1380 3536 1515 3625 propin·

471 3645 604 3728 quassat
625 3640 745 3706 itinere
766 3639 910 3717 miliarii,
934 3661 978 3704 ex
1000 3639 1110 3725 equite
1131 3643 1281 3705 mutatur
1300 3640 1337 3704 in
1358 3640 1513 3727 peditem.

471 3744 578 3824 Quem
614 3747 712 3830 putas
750 3743 909 3809 comitum
944 3762 1027 3827 equo
1064 3745 1145 3806 tuno
1181 3741 1302 3807 redisse
1332 3741 1514 3821 sublimem,

470 3869 544 3912 cum
568 3849 738 3912 cernerent
760 3845 931 3910 dominum
945 3862 1041 3910 suum
1063 3865 1173 3931 regem
1196 3843 1355 3910 humilem
1376 3846 1516 3932 pedibus

470 3949 720 4016 ambulantem?
765 3948 831 4028 Qui
853 3946 917 4013 etsi
938 3969 973 4013 se
998 3948 1125 4012 interea
1146 3945 1257 4012 vocari
1279 3968 1389 4033 regem
1413 3947 1516 4034 [vole-

470 4051 564 4139 bat]³
589 4073 627 4116 ao
654 4050 828 4139 gaudebat,
855 4050 999 4137 propriae
1023 4055 1137 4115 tamen
1160 4070 1285 4115 memor
1315 4050 1515 4116 condicionis

303 4187 398 4250 ΜΗ,
471 4177 567 4222 suum
590 4159 625 4221 et
646 4153 793 4221 omnium
819 4153 856 4218 in
879 4152 961 4218 coelo
982 4175 1091 4241 regem
1113 4153 1318 4240 agnoscebat.
1364 4153 1515 4240 Denique

303 4257 345 4306 f⁰¹·
358 4261 423 4308 ⁹⁸⁸·
470 4259 665 4346 perveniens
697 4257 740 4322 ad
773 4255 1010 4322 monasterium
1045 4277 1119 4320 cum
1149 4254 1247 4320 hilari
1283 4255 1514 4342 gratrdationis

470 4366 558 4442 voto,
596 4359 796 4448 propensiori
833 4359 975 4424 fratrum
1013 4358 1175 4445 excipitur
1211 4357 1373 4445 obsequio.
1441 4357 1513 4424 Ubi

469 4468 596 4550 quanta
621 4463 693 4528 Deo
722 4463 786 4550 piae
810 4460 1019 4527 confessionis
1043 4461 1240 4540 holocausta
1267 4465 1394 4548 quanta
1419 4482 1512 4547 pune

503 4743 510 4774 ¹
522 4739 676 4807 dilabuntur]
689 4739 844 4800 delabuntur,
855 4738 886 4789 B.
1049 4739 1060 4769 ¹
1071 4736 1175 4804 mletut]
1188 4752 1236 4789 om.
1248 4736 1304 4794 MS.

504 4823 514 4853 ²
523 4821 667 4890 aulicorum]
675 4821 711 4883 135
720 4819 898 4888 Anglicomm,
909 4817 966 4870 MS.
