3542 5800
463 839 528 902 184
728 852 793 902 nro.
817 852 863 901 nn
885 851 1018 902 crunno.
1041 851 1129 902 seno
1153 852 1238 902 msr.

461 1024 563 1090 uana
584 1023 729 1110 sapuisse
743 1027 796 1090 vel
820 1025 939 1112 egisse¹
964 1026 1160 1092 credendum
1183 1009 1257 1090 estt
1278 1047 1352 1090 cum
1374 1022 1508 1110 plurimi

461 1126 596 1191 fuerunt
618 1126 654 1190 in
676 1127 730 1203 eis,
752 1149 891 1214 quorum
911 1129 1081 1194 sanctitati
1107 1127 1252 1194 coelestia
1274 1128 1375 1215 signa,
1392 1132 1426 1192 et
1441 1126 1509 1188 vir-

462 1232 573 1293 tutum
600 1250 674 1314 quae
704 1230 851 1296 fecerunt
881 1231 1047 1308 miracula,
1083 1231 1306 1296 testimonium
1338 1228 1508 1316 pqrhibue-

462 1335 561 1395 runt:
601 1353 682 1418 quos
725 1334 795 1419 ipse
827 1338 957 1399 sanctos
990 1355 1058 1398 esse
1088 1354 1155 1398 non
1189 1332 1351 1408 dubitans,
1384 1351 1508 1414 semper

462 1455 575 1498 eorum
589 1435 704 1511 vitam,
720 1457 826 1501 mores
848 1441 882 1500 ct
905 1435 1112 1521 disciplinam
1134 1435 1226 1520 sequi
1247 1455 1315 1498 non
1329 1429 1477 1498 desisto.’'

374 1543 380 1556 '
507 1535 556 1599 At
578 1535 770 1603 wilfridus:
796 1544 815 1572 “
827 1535 997 1616 Constat,''
1018 1537 1134 1622 inquit,
1160 1536 1382 1600 “Anatolium
1400 1535 1508 1598 virum

460 1639 709 1715 sanctissimum,
734 1641 964 1716 doctissimum,
989 1661 1026 1704 ac
1045 1639 1147 1704 laude
1170 1659 1238 1704 esse
1260 1637 1487 1724 dignissimum
1499 1659 1508 1714 3

382 1799 385 1802 ,
459 1741 530 1808 sed,
547 1742 629 1828 quid
657 1741 752 1808 vobis
786 1764 860 1808 cum
892 1743 958 1822 illo,
981 1751 1056 1808 'cum
1087 1762 1147 1806 nec
1178 1740 1248 1806 eius
1282 1739 1414 1806 decreta·
1444 1759 1509 1803 ser·

459 1843 569 1909 vetist
614 1843 676 1910 Ille
703 1844 858 1910 enimin
889 1844 1013 1934 ‚l'ascha
1035 1866 1094 1910 suo
1116 1843 1263 1931 regulam
1286 1843 1401 1929 utique
1423 1841 1508 1907 veri·

457 1947 539 2012 tatis
580 1967 729 2032 sequens,
767 1946 924 2012 circrrlum
962 1946 1072 2012 decem
1110 1952 1145 2012 et
1187 1967 1305 2012 novem
1348 1965 1507 2010 annorum

457 2048 568 2136 posuit
580 2073 590 2128 ;
627 2070 725 2135 quem
758 2070 817 2114 vos
851 2054 911 2113 aut
944 2049 1111 2136 ignoratis,
1144 2053 1204 2113 aut
1237 2048 1386 2135 agnitum
1419 2052 1455 2111 et
1487 2069 1508 2111 a

458 2156 531 2216 tota
558 2151 682 2217 Christi
712 2151 845 2216 ecclesia
865 2151 1065 2216 custoditum
1087 2172 1146 2236 pro
1166 2149 1271 2228 nihilo
1290 2149 1508 2214 contemnitis

459 2253 522 2318 Ille
544 2253 591 2317 sic
612 2253 649 2317 in
671 2251 1001 2318 Pascha'Dominieo
1024 2257 1176 2337 quartam
1207 2251 1365 2318 decimam
1394 2251 1508 2316 lunam

457 2355 670 2440 computavit,
693 2360 734 2420 ut
755 2355 840 2421 hanc
862 2357 976 2421 eadem
998 2355 1069 2442 ipsa
1091 2354 1145 2420 die
1171 2375 1260 2422 more
1275 2353 1507 2440 AEgyptiorum

458 2456 609 2542 quintam
633 2455 791 2521 decimam
824 2456 938 2521 lunam
969 2457 1011 2521 ad
1043 2477 1211 2542 vesperam
1245 2477 1313 2520 esse
1338 2455 1506 2521 fateretur.

459 2558 515 2624 Sic
536 2557 616 2622 item
639 2557 827 2622 vicesimam
850 2558 939 2624 diem
961 2557 1135 2624 Dominico
1158 2557 1292 2624 Paschae
1326 2559 1507 2636 annotavit,

458 2666 498 2726 ut
527 2659 611 2724 hanc
641 2659 804 2751 declinata
833 2661 947 2726 eadem
978 2661 1031 2725 die
1061 2683 1129 2726 esse
1152 2660 1340 2725 vicesimam
1369 2660 1507 2745 primam

458 2762 610 2828 crederet.
672 2761 784 2826 Cuius
813 2762 962 2847 regulam
1000 2761 1219 2827 distinctionis
1255 2782 1316 2826 vos
1344 2760 1508 2847 ignorasse

458 2863 584 2952 probat,
618 2863 706 2950 quod
724 2863 939 2952 3aliquotiens
957 2862 1101 2930 Pascha
1138 2861 1399 2929 manifestissime
1432 2867 1509 2929 ante

458 2967 684 3056 plenilunium,
723 2967 760 3031 id
802 2972 860 3044 est,
899 2967 936 3031 in
973 2967 1074 3031 tertia
1111 2966 1236 3031 decima
1277 2966 1357 3031 luna
1393 2965 1507 3032 facitis

458 3070 511 3136 De
545 3074 640 3157 patre
669 3072 793 3136 autem
814 3074 924 3133 vestro
949 3068 1110 3133 Columba
1141 3063 1182 3132 et'
1206 3067 1398 3157 sequacibus
1430 3067 1507 3146 eius,

459 3194 598 3259 quorum
631 3172 840 3238 sanctitatem
867 3193 926 3236 vos
957 3170 1089 3247 imitari,
1114 3175 1148 3235 et
1179 3170 1326 3256 regulam
1359 3192 1397 3235 ac
1427 3190 1511 3255 prae·

459 3282 554 3362 cepta
591 3273 778 3340 coelestibus
822 3272 925 3359 signis
963 3273 1154 3338 confirmata
1191 3272 1284 3356 sequi
1324 3271 1509 3358 perhibetis,

458 3398 586 3464 possem
617 3376 818 3461 respondere,
850 3376 930 3461 quia
960 3374 1074 3438 multis
1107 3374 1142 3437 in
1176 3373 1298 3438 iudicio
1329 3373 1510 3439 dicentibus

461 3478 612 3554 Domine,
637 3479 726 3562 quod
759 3478 795 3541 in
817 3478 950 3542 nomine
981 3476 1052 3541 eius
1081 3474 1357 3561 prophetaverint,
1382 3480 1416 3541 et
1446 3475 1511 3541 dae·

460 3579 573 3644 monia
591 3578 753 3656 eiecerint,
769 3584 804 3643 ct
818 3580 960 3643 virtutes
980 3578 1102 3643 multas
1121 3577 1277 3659 fecerint;
1300 3599 1511 3665 responsurus
1558 3622 1564 3631 -

460 3682 505 3746 sit
539 3666 701 3745 Dominus
735 3680 815 3766 quia
829 3682 1013 3765 ‘nunquam
1044 3701 1098 3745 eos
1129 3680 1266 3745 noverit
1321 3680 1387 3747 Sed
1424 3681 1510 3746 absit

460 3788 501 3848 ut
531 3782 593 3849 hoc
615 3782 655 3847 de
681 3784 830 3869 patribus
852 3784 971 3848 vestris
994 3782 1122 3847 dicam:
1148 3783 1226 3869 quia
1257 3782 1375 3849 iustius
1406 3782 1510 3848 multo

461 3891 519 3963 est,
543 3886 584 3951 de
606 3885 782 3971 incognitis
804 3884 935 3949 bonum
950 3886 1088 3961 credere,
1112 3906 1212 3970 quam
1235 3884 1365 3951 malurn
1411 3884 1510 3951 Unde

461 3995 496 4054 et
527 3988 600 4052 illos
631 3986 696 4052 Dei
726 3985 927 4053 famulos'ac
947 3986 1031 4051 ·De0
1055 3986 1191 4053 dilectos
1225 4008 1294 4052 esse
1318 4009 1386 4053 non
1416 4010 1509 4075 nego,

463 4090 520 4176 qui
557 4088 767 4176 simplicitate
804 4089 934 4165 rustica,
979 4091 1052 4171 sed¹
1081 4088 1265 4154 intentione
1309 4091 1364 4176 pia
1401 4088 1511 4155 Deum

463 4192 657 4257 dilexenmt
714 4189 832 4276 Neque
869 4190 935 4256 illis
972 4191 1115 4255 multum
1153 4182 1265 4257 obesse
1301 4214 1375 4257 reor
1410 4193 1511 4259 talem

464 4291 598 4357 Paschae
628 4293 889 4371 observantiam·
913 4292 1072 4379 quamdiu
1102 4292 1212 4359 nullus
1245 4294 1431 4375 advenerat,
1455 4297 1512 4382 qui

465 4393 512 4458 eis
543 4392 690 4457 instituti
721 4395 924 4480 perfectioris
947 4396 1078 4461 decreta
1103 4418 1177 4483 quae
1208 4402 1430 4484 sequerentur,
1463 4420 1514 4465 cs-

466 4494 637 4561 tendcret:
662 4516 743 4581 quos
764 4497 880 4595 utique
903 4498 1006 4576 credo,
1027 4498 1056 4565 si
1078 4500 1137 4585 qui
1159 4504 1240 4567 tunc
1261 4500 1305 4566 ad
1326 4522 1381 4567 eos
1403 4501 1513 4568 catho-

738 4672 941 4681 ——-—----—-.
1409 4678 1503 4686 ——n-

841 4770 950 4837 'affld
969 4771 1066 4837 ¹⁰si⁸⁸a
1077 4771 1135 4825 MS·
