<?xml version="1.0" encoding="UTF-8"?>
<!DOCTYPE html PUBLIC "-//W3C//DTD XHTML 1.0 Transitional//EN"
    "http://www.w3.org/TR/xhtml1/DTD/xhtml1-transitional.dtd">
<html xmlns="http://www.w3.org/1999/xhtml" xml:lang="en" lang="en">
 <head>
  <title>
</title>
<meta http-equiv="Content-Type" content="text/html;charset=utf-8" />
  <meta name='ocr-system' content='tesseract 3.04.00' />
  <meta name='ocr-capabilities' content='ocr_page ocr_carea ocr_par ocr_line ocrx_word'/>
</head>
<body>
  <div class='ocr_page' id='page_1' title='image "./speculumhistori01mayogoog_0368.png"; bbox 0 0 3542 5800; ppageno 0'>
   <div class='ocr_carea' id='block_1_1' title="bbox 476 891 1308 960">
    <p class='ocr_par' dir='ltr' id='par_1_1' title="bbox 476 891 1308 960">
     <span class='ocr_line' id='line_1_1' title="bbox 476 891 1308 960; baseline 0.001 -6"><span class='ocrx_word' id='word_1_1' title='bbox 476 904 523 954; x_wconf 84' lang='lat' dir='ltr'>oa</span> <span class='ocrx_word' id='word_1_2' title='bbox 544 902 661 957; x_wconf 80' lang='lat' dir='ltr'>nosne</span> <span class='ocrx_word' id='word_1_3' title='bbox 683 903 804 956; x_wconf 75' lang='lat' dir='ltr'>amon</span> <span class='ocrx_word' id='word_1_4' title='bbox 825 904 1010 957; x_wconf 78' lang='lat' dir='ltr'>anon-n</span> <span class='ocrx_word' id='word_1_5' title='bbox 1034 891 1085 960; x_wconf 82' lang='lat'>70.</span> <span class='ocrx_word' id='word_1_6' title='bbox 1242 892 1308 955; x_wconf 78' lang='grc'>353</span> 
     </span>
    </p>
   </div>
   <div class='ocr_carea' id='block_1_2' title="bbox 258 1090 1474 4775">
    <p class='ocr_par' dir='ltr' id='par_1_2' title="bbox 258 1090 1310 1489">
     <span class='ocr_line' id='line_1_2' title="bbox 258 1090 1310 1180; baseline -0.001 -24"><span class='ocrx_word' id='word_1_7' title='bbox 258 1090 331 1157; x_wconf 86' lang='lat' dir='ltr'>fieri</span> <span class='ocrx_word' id='word_1_8' title='bbox 361 1096 529 1180; x_wconf 83' lang='lat' dir='ltr'>respuunt</span> <span class='ocrx_word' id='word_1_9' title='bbox 586 1090 770 1159; x_wconf 88' lang='lat' dir='ltr'>Pendentcs</span> <span class='ocrx_word' id='word_1_10' title='bbox 801 1095 915 1159; x_wconf 89' lang='lat' dir='ltr'>antem</span> <span class='ocrx_word' id='word_1_11' title='bbox 940 1090 1060 1159; x_wconf 82' lang='lat' dir='ltr'>nefarii</span> <span class='ocrx_word' id='word_1_12' title='bbox 1081 1090 1168 1179; x_wconf 85' lang='lat' dir='ltr'>regis</span> <span class='ocrx_word' id='word_1_13' title='bbox 1196 1090 1310 1157; x_wconf 88' lang='lat' dir='ltr'>feroci-</span> 
     </span>
     <span class='ocr_line' id='line_1_3' title="bbox 259 1194 1308 1283; baseline 0 -24"><span class='ocrx_word' id='word_1_14' title='bbox 259 1198 363 1261; x_wconf 87' lang='lat' dir='ltr'>tatem</span> <span class='ocrx_word' id='word_1_15' title='bbox 400 1216 527 1261; x_wconf 81' lang='lat' dir='ltr'>necnon</span> <span class='ocrx_word' id='word_1_16' title='bbox 564 1196 731 1261; x_wconf 87' lang='lat' dir='ltr'>fautorum</span> <span class='ocrx_word' id='word_1_17' title='bbox 770 1196 841 1262; x_wconf 90' lang='lat' dir='ltr'>eius</span> <span class='ocrx_word' id='word_1_18' title='bbox 871 1195 1082 1283; x_wconf 72' lang='lat' dir='ltr'>proterviam,</span> <span class='ocrx_word' id='word_1_19' title='bbox 1112 1216 1180 1261; x_wconf 89' lang='lat' dir='ltr'>uon</span> <span class='ocrx_word' id='word_1_20' title='bbox 1211 1194 1308 1259; x_wconf 89' lang='lat' dir='ltr'>modo</span> 
     </span>
     <span class='ocr_line' id='line_1_4' title="bbox 260 1298 1308 1386; baseline 0.001 -23"><span class='ocrx_word' id='word_1_21' title='bbox 260 1298 447 1365; x_wconf 79' lang='lat' dir='ltr'>convicanei</span> <span class='ocrx_word' id='word_1_22' title='bbox 477 1320 592 1363; x_wconf 90' lang='lat' dir='ltr'>verum</span> <span class='ocrx_word' id='word_1_23' title='bbox 615 1304 650 1365; x_wconf 89' lang='lat' dir='ltr'>et</span> <span class='ocrx_word' id='word_1_24' title='bbox 679 1298 797 1366; x_wconf 73' lang='lat' dir='ltr'>accolae</span> <span class='ocrx_word' id='word_1_25' title='bbox 829 1298 1010 1365; x_wconf 85' lang='lat' dir='ltr'>adiacentia</span> <span class='ocrx_word' id='word_1_26' title='bbox 1032 1298 1213 1386; x_wconf 83' lang='lat' dir='ltr'>provinciae</span> <span class='ocrx_word' id='word_1_27' title='bbox 1233 1318 1308 1364; x_wconf 88' lang='lat' dir='ltr'>oum</span> 
     </span>
     <span class='ocr_line' id='line_1_5' title="bbox 259 1399 1309 1489; baseline 0.003 -25"><span class='ocrx_word' id='word_1_28' title='bbox 259 1399 478 1467; x_wconf 86' lang='lat' dir='ltr'>luminaribus</span> <span class='ocrx_word' id='word_1_29' title='bbox 502 1404 537 1469; x_wconf 89' lang='lat' dir='ltr'>et</span> <span class='ocrx_word' id='word_1_30' title='bbox 562 1401 705 1489; x_wconf 87' lang='lat' dir='ltr'>pacificia</span> <span class='ocrx_word' id='word_1_31' title='bbox 733 1402 938 1469; x_wconf 74' lang='lat' dir='ltr'>oblationum</span> <span class='ocrx_word' id='word_1_32' title='bbox 961 1403 1049 1469; x_wconf 85' lang='lat' dir='ltr'>votis</span> <span class='ocrx_word' id='word_1_33' title='bbox 1071 1402 1114 1467; x_wconf 91' lang='lat' dir='ltr'>ad</span> <span class='ocrx_word' id='word_1_34' title='bbox 1140 1400 1309 1467; x_wconf 72' lang='lat' dir='ltr'>basilicam</span> 
     </span>
    </p>

    <p class='ocr_par' dir='ltr' id='par_1_3' title="bbox 258 1504 1440 1900">
     <span class='ocr_line' id='line_1_6' title="bbox 258 1504 1309 1591; baseline 0.001 -23"><span class='ocrx_word' id='word_1_35' title='bbox 258 1504 311 1569; x_wconf 91' lang='lat' dir='ltr'>sui</span> <span class='ocrx_word' id='word_1_36' title='bbox 348 1504 433 1591; x_wconf 88' lang='lat' dir='ltr'>regis</span> <span class='ocrx_word' id='word_1_37' title='bbox 470 1510 505 1571; x_wconf 90' lang='lat' dir='ltr'>et</span> <span class='ocrx_word' id='word_1_38' title='bbox 542 1506 698 1591; x_wconf 81' lang='lat' dir='ltr'>martyria</span> <span class='ocrx_word' id='word_1_39' title='bbox 741 1504 910 1573; x_wconf 84' lang='lat' dir='ltr'>Edrnundi</span> <span class='ocrx_word' id='word_1_40' title='bbox 946 1505 1096 1571; x_wconf 88' lang='lat' dir='ltr'>unanimi</span> <span class='ocrx_word' id='word_1_41' title='bbox 1133 1504 1309 1571; x_wconf 89' lang='lat' dir='ltr'>devotione</span> 
     </span>
     <span class='ocr_line' id='line_1_7' title="bbox 259 1606 1421 1693; baseline 0.003 -22"><span class='ocrx_word' id='word_1_42' title='bbox 259 1606 383 1693; x_wconf 85' lang='lat' dir='ltr'>vigiliis</span> <span class='ocrx_word' id='word_1_43' title='bbox 421 1612 455 1674; x_wconf 90' lang='lat' dir='ltr'>et</span> <span class='ocrx_word' id='word_1_44' title='bbox 493 1608 697 1675; x_wconf 86' lang='lat' dir='ltr'>orationibus</span> <span class='ocrx_word' id='word_1_45' title='bbox 732 1608 922 1675; x_wconf 69' lang='lat' dir='ltr'>insistentes</span> <span class='ocrx_word' id='word_1_46' title='bbox 951 1608 1148 1675; x_wconf 86' lang='lat' dir='ltr'>catervatim</span> <span class='ocrx_word' id='word_1_47' title='bbox 1174 1628 1210 1672; x_wconf 90' lang='lat' dir='ltr'>se</span> <span class='ocrx_word' id='word_1_48' title='bbox 1232 1628 1308 1673; x_wconf 89' lang='lat' dir='ltr'>con·</span> <span class='ocrx_word' id='word_1_49' title='bbox 1321 1621 1377 1673; x_wconf 83' lang='lat' dir='ltr'>MS.</span> <span class='ocrx_word' id='word_1_50' title='bbox 1389 1624 1421 1682; x_wconf 81' lang='lat' dir='ltr'>n,</span> 
     </span>
     <span class='ocr_line' id='line_1_8' title="bbox 259 1689 1440 1797; baseline 0.002 -24"><span class='ocrx_word' id='word_1_51' title='bbox 259 1708 379 1790; x_wconf 86' lang='lat' dir='ltr'>ferunt,</span> <span class='ocrx_word' id='word_1_52' title='bbox 395 1708 586 1789; x_wconf 88' lang='lat' dir='ltr'>Dominum,</span> <span class='ocrx_word' id='word_1_53' title='bbox 605 1710 642 1775; x_wconf 91' lang='lat' dir='ltr'>in</span> <span class='ocrx_word' id='word_1_54' title='bbox 665 1710 756 1777; x_wconf 88' lang='lat' dir='ltr'>cuius</span> <span class='ocrx_word' id='word_1_55' title='bbox 779 1710 999 1797; x_wconf 86' lang='lat' dir='ltr'>omnipotenti</span> <span class='ocrx_word' id='word_1_56' title='bbox 1021 1732 1122 1776; x_wconf 90' lang='lat' dir='ltr'>manu</span> <span class='ocrx_word' id='word_1_57' title='bbox 1144 1732 1200 1778; x_wconf 88' lang='lat' dir='ltr'>cor</span> <span class='ocrx_word' id='word_1_58' title='bbox 1221 1689 1362 1795; x_wconf 54' lang='lat' dir='ltr'>regiam·</span> <span class='ocrx_word' id='word_1_59' title='bbox 1375 1696 1406 1742; x_wconf 82' lang='lat'>⁸⁸</span> <span class='ocrx_word' id='word_1_60' title='bbox 1418 1708 1440 1743; x_wconf 49' lang='grc' dir='ltr'>ι</span> 
     </span>
     <span class='ocr_line' id='line_1_9' title="bbox 260 1811 1308 1900; baseline 0.003 -24"><span class='ocrx_word' id='word_1_61' title='bbox 260 1815 318 1889; x_wconf 88' lang='lat' dir='ltr'>eet,</span> <span class='ocrx_word' id='word_1_62' title='bbox 334 1832 393 1897; x_wconf 91' lang='lat' dir='ltr'>per</span> <span class='ocrx_word' id='word_1_63' title='bbox 414 1812 485 1879; x_wconf 89' lang='lat' dir='ltr'>eius</span> <span class='ocrx_word' id='word_1_64' title='bbox 503 1812 661 1900; x_wconf 82' lang='lat' dir='ltr'>praeclara</span> <span class='ocrx_word' id='word_1_65' title='bbox 682 1813 802 1879; x_wconf 87' lang='lat' dir='ltr'>merita</span> <span class='ocrx_word' id='word_1_66' title='bbox 824 1814 982 1900; x_wconf 79' lang='lat' dir='ltr'>rogaturi,</span> <span class='ocrx_word' id='word_1_67' title='bbox 1003 1815 1160 1899; x_wconf 83' lang='lat' dir='ltr'>quatinus</span> <span class='ocrx_word' id='word_1_68' title='bbox 1182 1811 1308 1879; x_wconf 86' lang='lat' dir='ltr'>miseri·</span> 
     </span>
    </p>

    <p class='ocr_par' dir='ltr' id='par_1_4' title="bbox 259 1913 1305 2108">
     <span class='ocr_line' id='line_1_10' title="bbox 259 1913 1297 2003; baseline 0.008 -25"><span class='ocrx_word' id='word_1_69' title='bbox 259 1913 379 1981; x_wconf 73' lang='lat' dir='ltr'>cordia</span> <span class='ocrx_word' id='word_1_70' title='bbox 399 1936 469 1981; x_wconf 79' lang='lat' dir='ltr'>suae</span> <span class='ocrx_word' id='word_1_71' title='bbox 496 1934 602 1981; x_wconf 88' lang='lat' dir='ltr'>rorem</span> <span class='ocrx_word' id='word_1_72' title='bbox 631 1938 728 2003; x_wconf 90' lang='lat' dir='ltr'>super</span> <span class='ocrx_word' id='word_1_73' title='bbox 754 1938 808 1982; x_wconf 86' lang='lat' dir='ltr'>eos</span> <span class='ocrx_word' id='word_1_74' title='bbox 837 1914 1031 1983; x_wconf 87' lang='lat' dir='ltr'>instillando</span> <span class='ocrx_word' id='word_1_75' title='bbox 1057 1916 1297 1985; x_wconf 88' lang='lat' dir='ltr'>intolerabilem</span> 
     </span>
     <span class='ocr_line' id='line_1_11' title="bbox 260 2016 1305 2108; baseline 0.01 -27"><span class='ocrx_word' id='word_1_76' title='bbox 260 2016 439 2085; x_wconf 85' lang='lat' dir='ltr'>truculenti</span> <span class='ocrx_word' id='word_1_77' title='bbox 481 2019 566 2107; x_wconf 90' lang='lat' dir='ltr'>regis</span> <span class='ocrx_word' id='word_1_78' title='bbox 609 2018 871 2105; x_wconf 84' lang='lat' dir='ltr'>indignationem</span> <span class='ocrx_word' id='word_1_79' title='bbox 913 2020 1090 2085; x_wconf 85' lang='lat' dir='ltr'>clementer</span> <span class='ocrx_word' id='word_1_80' title='bbox 1130 2026 1305 2108; x_wconf 87' lang='lat' dir='ltr'>averteret,</span> 
     </span>
    </p>

    <p class='ocr_par' dir='ltr' id='par_1_5' title="bbox 261 2121 1306 2213">
     <span class='ocr_line' id='line_1_12' title="bbox 261 2121 1306 2213; baseline 0.011 -28"><span class='ocrx_word' id='word_1_81' title='bbox 261 2124 361 2207; x_wconf 54' lang='lat' dir='ltr'>ataine</span> <span class='ocrx_word' id='word_1_82' title='bbox 392 2121 505 2208; x_wconf 87' lang='lat' dir='ltr'>iugum</span> <span class='ocrx_word' id='word_1_83' title='bbox 536 2122 742 2208; x_wconf 88' lang='lat' dir='ltr'>captivitatis</span> <span class='ocrx_word' id='word_1_84' title='bbox 772 2122 860 2208; x_wconf 90' lang='lat' dir='ltr'>quod</span> <span class='ocrx_word' id='word_1_85' title='bbox 886 2121 948 2188; x_wconf 91' lang='lat' dir='ltr'>snb</span> <span class='ocrx_word' id='word_1_86' title='bbox 980 2122 1051 2189; x_wconf 87' lang='lat' dir='ltr'>eius</span> <span class='ocrx_word' id='word_1_87' title='bbox 1079 2124 1306 2213; x_wconf 85' lang='lat' dir='ltr'>impericiam</span> 
     </span>
    </p>

    <p class='ocr_par' dir='ltr' id='par_1_6' title="bbox 260 2224 1305 2313">
     <span class='ocr_line' id='line_1_13' title="bbox 260 2224 1305 2313; baseline 0.008 -23"><span class='ocrx_word' id='word_1_88' title='bbox 260 2246 318 2311; x_wconf 88' lang='lat' dir='ltr'>per</span> <span class='ocrx_word' id='word_1_89' title='bbox 339 2225 449 2291; x_wconf 88' lang='lat' dir='ltr'>decem</span> <span class='ocrx_word' id='word_1_90' title='bbox 464 2224 592 2292; x_wconf 83' lang='lat' dir='ltr'>circiter</span> <span class='ocrx_word' id='word_1_91' title='bbox 606 2244 709 2291; x_wconf 87' lang='lat' dir='ltr'>annos</span> <span class='ocrx_word' id='word_1_92' title='bbox 724 2224 847 2311; x_wconf 85' lang='lat' dir='ltr'>Anglia</span> <span class='ocrx_word' id='word_1_93' title='bbox 864 2224 1074 2312; x_wconf 85' lang='lat' dir='ltr'>gemebunda</span> <span class='ocrx_word' id='word_1_94' title='bbox 1087 2233 1305 2313; x_wconf 83' lang='lat' dir='ltr'>contraxerat,</span> 
     </span>
    </p>

    <p class='ocr_par' dir='ltr' id='par_1_7' title="bbox 259 2326 1474 4066">
     <span class='ocr_line' id='line_1_14' title="bbox 259 2326 1474 2419; baseline 0.003 -26"><span class='ocrx_word' id='word_1_95' title='bbox 259 2327 388 2414; x_wconf 89' lang='lat' dir='ltr'>potenti</span> <span class='ocrx_word' id='word_1_96' title='bbox 404 2327 530 2394; x_wconf 74' lang='lat' dir='ltr'>virtius</span> <span class='ocrx_word' id='word_1_97' title='bbox 546 2328 600 2393; x_wconf 90' lang='lat' dir='ltr'>vel</span> <span class='ocrx_word' id='word_1_98' title='bbox 623 2348 694 2393; x_wconf 87' lang='lat' dir='ltr'>sero</span> <span class='ocrx_word' id='word_1_99' title='bbox 709 2332 900 2394; x_wconf 87' lang='lat' dir='ltr'>contereret.</span> <span class='ocrx_word' id='word_1_100' title='bbox 945 2326 1020 2409; x_wconf 84' lang='lat' dir='ltr'>Qua</span> <span class='ocrx_word' id='word_1_101' title='bbox 1041 2334 1238 2419; x_wconf 85' lang='lat' dir='ltr'>tempestate</span> <span class='ocrx_word' id='word_1_102' title='bbox 1252 2336 1307 2401; x_wconf 90' lang='lat' dir='ltr'>vir</span> <span class='ocrx_word' id='word_1_103' title='bbox 1319 2328 1359 2383; x_wconf 59' lang='grc' dir='ltr'>Οἱ</span> <span class='ocrx_word' id='word_1_104' title='bbox 1371 2332 1427 2383; x_wconf 77' lang='lat' dir='ltr'>MS·</span> <span class='ocrx_word' id='word_1_105' title='bbox 1440 2335 1474 2397; x_wconf 74' lang='lat' dir='ltr'>A,</span> 
     </span>
     <span class='ocr_line' id='line_1_15' title="bbox 261 2398 1433 2531; baseline 0.009 -37"><span class='ocrx_word' id='word_1_106' title='bbox 261 2428 394 2517; x_wconf 84' lang='lat' dir='ltr'>quidam</span> <span class='ocrx_word' id='word_1_107' title='bbox 409 2430 618 2509; x_wconf 88' lang='lat' dir='ltr'>venerabilis,</span> <span class='ocrx_word' id='word_1_108' title='bbox 633 2430 793 2497; x_wconf 88' lang='lat' dir='ltr'>vocabulo</span> <span class='ocrx_word' id='word_1_109' title='bbox 807 2431 1020 2519; x_wconf 85' lang='lat' dir='ltr'>AEgelvvinus,</span> <span class='ocrx_word' id='word_1_110' title='bbox 1036 2434 1183 2500; x_wconf 75' lang='lat' dir='ltr'>saeculari</span> <span class='ocrx_word' id='word_1_111' title='bbox 1196 2443 1308 2524; x_wconf 88' lang='lat' dir='ltr'>spreta</span> <span class='ocrx_word' id='word_1_112' title='bbox 1319 2398 1433 2531; x_wconf 41' lang='grc' dir='ltr'>Ἄπι</span> 
     </span>
     <span class='ocr_line' id='line_1_16' title="bbox 261 2532 1310 2625; baseline 0.007 -24"><span class='ocrx_word' id='word_1_113' title='bbox 261 2534 515 2610; x_wconf 86' lang='lat' dir='ltr'>conversatione,</span> <span class='ocrx_word' id='word_1_114' title='bbox 527 2532 616 2620; x_wconf 90' lang='lat' dir='ltr'>apud</span> <span class='ocrx_word' id='word_1_115' title='bbox 628 2538 778 2609; x_wconf 81' lang='lat' dir='ltr'>sanctum</span> <span class='ocrx_word' id='word_1_116' title='bbox 795 2532 1009 2599; x_wconf 85' lang='lat' dir='ltr'>Edmundum</span> <span class='ocrx_word' id='word_1_117' title='bbox 1024 2543 1173 2625; x_wconf 88' lang='lat' dir='ltr'>suscepto</span> <span class='ocrx_word' id='word_1_118' title='bbox 1187 2540 1310 2609; x_wconf 83' lang='lat' dir='ltr'>habitu</span> 
     </span>
     <span class='ocr_line' id='line_1_17' title="bbox 260 2634 1306 2724; baseline 0.01 -23"><span class='ocrx_word' id='word_1_119' title='bbox 260 2636 449 2702; x_wconf 83' lang='lat' dir='ltr'>monachico</span> <span class='ocrx_word' id='word_1_120' title='bbox 464 2635 648 2722; x_wconf 87' lang='lat' dir='ltr'>religiosam</span> <span class='ocrx_word' id='word_1_121' title='bbox 663 2636 817 2701; x_wconf 80' lang='lat' dir='ltr'>actitavit</span> <span class='ocrx_word' id='word_1_122' title='bbox 831 2634 946 2703; x_wconf 91' lang='lat' dir='ltr'>vitam.</span> <span class='ocrx_word' id='word_1_123' title='bbox 992 2636 1083 2706; x_wconf 89' lang='lat' dir='ltr'>Huic</span> <span class='ocrx_word' id='word_1_124' title='bbox 1097 2642 1140 2707; x_wconf 94' lang='lat' dir='ltr'>ob</span> <span class='ocrx_word' id='word_1_125' title='bbox 1154 2664 1306 2724; x_wconf 87' lang='lat' dir='ltr'>amorem,</span> 
     </span>
     <span class='ocr_line' id='line_1_18' title="bbox 261 2737 1308 2829; baseline 0.006 -26"><span class='ocrx_word' id='word_1_126' title='bbox 261 2760 325 2825; x_wconf 90' lang='lat' dir='ltr'>quo</span> <span class='ocrx_word' id='word_1_127' title='bbox 360 2744 452 2805; x_wconf 86' lang='lat' dir='ltr'>totus</span> <span class='ocrx_word' id='word_1_128' title='bbox 481 2740 517 2803; x_wconf 91' lang='lat' dir='ltr'>in</span> <span class='ocrx_word' id='word_1_129' title='bbox 546 2742 697 2805; x_wconf 89' lang='lat' dir='ltr'>sanctum</span> <span class='ocrx_word' id='word_1_130' title='bbox 728 2737 897 2825; x_wconf 88' lang='lat' dir='ltr'>flagrabat,</span> <span class='ocrx_word' id='word_1_131' title='bbox 930 2742 1025 2825; x_wconf 84' lang='lat' dir='ltr'>quasi</span> <span class='ocrx_word' id='word_1_132' title='bbox 1066 2765 1126 2829; x_wconf 90' lang='lat' dir='ltr'>pro</span> <span class='ocrx_word' id='word_1_133' title='bbox 1159 2747 1308 2813; x_wconf 85' lang='lat' dir='ltr'>saeculari</span> 
     </span>
     <span class='ocr_line' id='line_1_19' title="bbox 260 2840 1308 2930; baseline 0.007 -20"><span class='ocrx_word' id='word_1_134' title='bbox 260 2841 487 2910; x_wconf 81' lang='lat' dir='ltr'>familiaritate</span> <span class='ocrx_word' id='word_1_135' title='bbox 525 2862 595 2908; x_wconf 87' lang='lat' dir='ltr'>moe</span> <span class='ocrx_word' id='word_1_136' title='bbox 632 2840 779 2919; x_wconf 89' lang='lat' dir='ltr'>inolevit,</span> <span class='ocrx_word' id='word_1_137' title='bbox 812 2846 851 2907; x_wconf 86' lang='lat' dir='ltr'>ut</span> <span class='ocrx_word' id='word_1_138' title='bbox 884 2841 941 2929; x_wconf 93' lang='lat' dir='ltr'>pia</span> <span class='ocrx_word' id='word_1_139' title='bbox 971 2851 1139 2930; x_wconf 88' lang='lat' dir='ltr'>permotus</span> <span class='ocrx_word' id='word_1_140' title='bbox 1169 2849 1308 2917; x_wconf 86' lang='lat' dir='ltr'>audacia</span> 
     </span>
     <span class='ocr_line' id='line_1_20' title="bbox 260 2943 1306 3034; baseline 0.009 -23"><span class='ocrx_word' id='word_1_141' title='bbox 260 2948 495 3013; x_wconf 88' lang='lat' dir='ltr'>intemeratum</span> <span class='ocrx_word' id='word_1_142' title='bbox 518 2967 635 3034; x_wconf 84' lang='lat' dir='ltr'>corpus</span> <span class='ocrx_word' id='word_1_143' title='bbox 661 2945 731 3010; x_wconf 87' lang='lat' dir='ltr'>eius</span> <span class='ocrx_word' id='word_1_144' title='bbox 760 2943 858 3012; x_wconf 85' lang='lat' dir='ltr'>certis</span> <span class='ocrx_word' id='word_1_145' title='bbox 882 2945 1010 3011; x_wconf 85' lang='lat' dir='ltr'>vicibus</span> <span class='ocrx_word' id='word_1_146' title='bbox 1039 2969 1126 3033; x_wconf 85' lang='lat' dir='ltr'>aqna</span> <span class='ocrx_word' id='word_1_147' title='bbox 1155 2951 1306 3034; x_wconf 87' lang='lat' dir='ltr'>dilueret,</span> 
     </span>
     <span class='ocr_line' id='line_1_21' title="bbox 260 3047 1308 3139; baseline -0.008 -24"><span class='ocrx_word' id='word_1_148' title='bbox 260 3049 390 3138; x_wconf 88' lang='lat' dir='ltr'>pectine</span> <span class='ocrx_word' id='word_1_149' title='bbox 419 3049 584 3116; x_wconf 78' lang='lat' dir='ltr'>caeaariem</span> <span class='ocrx_word' id='word_1_150' title='bbox 607 3052 824 3135; x_wconf 88' lang='lat' dir='ltr'>componeret,</span> <span class='ocrx_word' id='word_1_151' title='bbox 857 3047 1038 3114; x_wconf 82' lang='lat' dir='ltr'>defluentes</span> <span class='ocrx_word' id='word_1_152' title='bbox 1069 3052 1203 3139; x_wconf 84' lang='lat' dir='ltr'>capillos</span> <span class='ocrx_word' id='word_1_153' title='bbox 1232 3055 1308 3122; x_wconf 78' lang='lat' dir='ltr'>dili.</span> 
     </span>
     <span class='ocr_line' id='line_1_22' title="bbox 260 3150 1308 3240; baseline 0.006 -22"><span class='ocrx_word' id='word_1_154' title='bbox 260 3159 376 3240; x_wconf 86' lang='lat' dir='ltr'>genter</span> <span class='ocrx_word' id='word_1_155' title='bbox 402 3157 441 3218; x_wconf 88' lang='lat' dir='ltr'>ut</span> <span class='ocrx_word' id='word_1_156' title='bbox 470 3173 546 3218; x_wconf 87' lang='lat' dir='ltr'>vere</span> <span class='ocrx_word' id='word_1_157' title='bbox 579 3151 738 3239; x_wconf 86' lang='lat' dir='ltr'>pretiosas</span> <span class='ocrx_word' id='word_1_158' title='bbox 767 3150 924 3237; x_wconf 84' lang='lat' dir='ltr'>reliquias</span> <span class='ocrx_word' id='word_1_159' title='bbox 946 3153 1143 3233; x_wconf 88' lang='lat' dir='ltr'>recondens;</span> <span class='ocrx_word' id='word_1_160' title='bbox 1168 3179 1242 3224; x_wconf 90' lang='lat' dir='ltr'>cnm</span> <span class='ocrx_word' id='word_1_161' title='bbox 1272 3165 1308 3226; x_wconf 91' lang='lat' dir='ltr'>et</span> 
     </span>
     <span class='ocr_line' id='line_1_23' title="bbox 259 3255 1310 3342; baseline 0.007 -20"><span class='ocrx_word' id='word_1_162' title='bbox 259 3258 348 3323; x_wconf 89' lang='lat' dir='ltr'>idern</span> <span class='ocrx_word' id='word_1_163' title='bbox 363 3257 417 3322; x_wconf 91' lang='lat' dir='ltr'>vir</span> <span class='ocrx_word' id='word_1_164' title='bbox 436 3257 486 3322; x_wconf 85' lang='lat' dir='ltr'>ita</span> <span class='ocrx_word' id='word_1_165' title='bbox 500 3277 521 3320; x_wconf 91' lang='lat' dir='ltr'>a</span> <span class='ocrx_word' id='word_1_166' title='bbox 536 3259 649 3322; x_wconf 91' lang='lat' dir='ltr'>sancto</span> <span class='ocrx_word' id='word_1_167' title='bbox 668 3255 843 3320; x_wconf 87' lang='lat' dir='ltr'>fovebatur</span> <span class='ocrx_word' id='word_1_168' title='bbox 863 3259 903 3320; x_wconf 89' lang='lat' dir='ltr'>ut</span> <span class='ocrx_word' id='word_1_169' title='bbox 922 3276 980 3342; x_wconf 91' lang='lat' dir='ltr'>per</span> <span class='ocrx_word' id='word_1_170' title='bbox 1001 3260 1197 3325; x_wconf 81' lang='lat' dir='ltr'>nocturnam</span> <span class='ocrx_word' id='word_1_171' title='bbox 1217 3283 1310 3330; x_wconf 89' lang='lat' dir='ltr'>reve·</span> 
     </span>
     <span class='ocr_line' id='line_1_24' title="bbox 259 3357 1474 3454; baseline 0.003 -28"><span class='ocrx_word' id='word_1_172' title='bbox 259 3360 427 3442; x_wconf 89' lang='lat' dir='ltr'>lationem,</span> <span class='ocrx_word' id='word_1_173' title='bbox 452 3380 546 3446; x_wconf 78' lang='lat' dir='ltr'>paene</span> <span class='ocrx_word' id='word_1_174' title='bbox 561 3357 714 3445; x_wconf 91' lang='lat' dir='ltr'>quotiens</span> <span class='ocrx_word' id='word_1_175' title='bbox 739 3357 850 3438; x_wconf 86' lang='lat' dir='ltr'>vellet,</span> <span class='ocrx_word' id='word_1_176' title='bbox 873 3357 904 3422; x_wconf 88' lang='lat' dir='ltr'>ei</span> <span class='ocrx_word' id='word_1_177' title='bbox 927 3359 1200 3443; x_wconf 67' lang='lat' dir='ltr'>minutula-etur,</span> <span class='ocrx_word' id='word_1_178' title='bbox 1225 3387 1306 3453; x_wconf 74' lang='lat' dir='ltr'>praa</span> <span class='ocrx_word' id='word_1_179' title='bbox 1320 3390 1428 3443; x_wconf 65' lang='lat' dir='ltr'>offis,</span> <span class='ocrx_word' id='word_1_180' title='bbox 1439 3389 1474 3454; x_wconf 65' lang='grc' dir='ltr'>Α,</span> 
     </span>
     <span class='ocr_line' id='line_1_25' title="bbox 260 3458 1434 3558; baseline -0.002 -28"><span class='ocrx_word' id='word_1_181' title='bbox 260 3463 374 3530; x_wconf 87' lang='lat' dir='ltr'>sertim</span> <span class='ocrx_word' id='word_1_182' title='bbox 390 3463 522 3549; x_wconf 89' lang='lat' dir='ltr'>quando</span> <span class='ocrx_word' id='word_1_183' title='bbox 545 3483 606 3550; x_wconf 90' lang='lat' dir='ltr'>pro</span> <span class='ocrx_word' id='word_1_184' title='bbox 628 3461 765 3527; x_wconf 87' lang='lat' dir='ltr'>diversis</span> <span class='ocrx_word' id='word_1_185' title='bbox 787 3458 1031 3528; x_wconf 87' lang='lat' dir='ltr'>calamitatibus</span> <span class='ocrx_word' id='word_1_186' title='bbox 1054 3485 1130 3530; x_wconf 89' lang='lat' dir='ltr'>eum</span> <span class='ocrx_word' id='word_1_187' title='bbox 1152 3460 1362 3558; x_wconf 76' lang='lat' dir='ltr'>interpel.f⁰¹·</span> <span class='ocrx_word' id='word_1_188' title='bbox 1375 3464 1434 3513; x_wconf 77' lang='lat'>²⁷⁸</span> 
     </span>
     <span class='ocr_line' id='line_1_26' title="bbox 261 3542 1464 3657; baseline 0.01 -24"><span class='ocrx_word' id='word_1_189' title='bbox 261 3567 329 3633; x_wconf 91' lang='lat' dir='ltr'>lare</span> <span class='ocrx_word' id='word_1_190' title='bbox 355 3567 481 3634; x_wconf 85' lang='lat' dir='ltr'>soleret</span> <span class='ocrx_word' id='word_1_191' title='bbox 528 3562 613 3633; x_wconf 82' lang='lat' dir='ltr'>(lum</span> <span class='ocrx_word' id='word_1_192' title='bbox 643 3585 720 3652; x_wconf 87' lang='lat' dir='ltr'>ergo</span> <span class='ocrx_word' id='word_1_193' title='bbox 745 3563 907 3630; x_wconf 87' lang='lat' dir='ltr'>salutares</span> <span class='ocrx_word' id='word_1_194' title='bbox 932 3565 1081 3634; x_wconf 83' lang='lat' dir='ltr'>excubiae</span> <span class='ocrx_word' id='word_1_195' title='bbox 1108 3579 1308 3657; x_wconf 87' lang='lat' dir='ltr'>gererentur,</span> <span class='ocrx_word' id='word_1_196' title='bbox 1320 3542 1419 3654; x_wconf 64' lang='lat' dir='ltr'>iiia</span> <span class='ocrx_word' id='word_1_197' title='bbox 1450 3573 1464 3596; x_wconf 88' lang='lat'><em>&#39;</em></span> 
     </span>
     <span class='ocr_line' id='line_1_27' title="bbox 261 3661 1440 3753; baseline -0.003 -17"><span class='ocrx_word' id='word_1_198' title='bbox 261 3669 347 3736; x_wconf 89' lang='lat' dir='ltr'>idem</span> <span class='ocrx_word' id='word_1_199' title='bbox 365 3667 542 3736; x_wconf 88' lang='lat' dir='ltr'>monachus</span> <span class='ocrx_word' id='word_1_200' title='bbox 565 3667 670 3753; x_wconf 88' lang='lat' dir='ltr'>quieti</span> <span class='ocrx_word' id='word_1_201' title='bbox 692 3667 856 3732; x_wconf 91' lang='lat' dir='ltr'>modicum</span> <span class='ocrx_word' id='word_1_202' title='bbox 875 3667 1059 3736; x_wconf 86' lang='lat' dir='ltr'>indulserat</span> <span class='ocrx_word' id='word_1_203' title='bbox 1078 3694 1215 3742; x_wconf 75' lang='lat' dir='ltr'>maerore</span> <span class='ocrx_word' id='word_1_204' title='bbox 1233 3700 1309 3744; x_wconf 88' lang='lat' dir='ltr'>oon.</span> <span class='ocrx_word' id='word_1_205' title='bbox 1320 3661 1363 3711; x_wconf 52' lang='grc' dir='ltr'>ἴθ’·</span> <span class='ocrx_word' id='word_1_206' title='bbox 1375 3664 1440 3712; x_wconf 73' lang='lat'>⁸⁸¹³·</span> 
     </span>
     <span class='ocr_line' id='line_1_28' title="bbox 261 3767 1310 3853; baseline 0.008 -14"><span class='ocrx_word' id='word_1_207' title='bbox 261 3775 373 3839; x_wconf 83' lang='lat' dir='ltr'>fectus</span> <span class='ocrx_word' id='word_1_208' title='bbox 419 3771 482 3838; x_wconf 81' lang='lat' dir='ltr'>(lui</span> <span class='ocrx_word' id='word_1_209' title='bbox 503 3770 613 3836; x_wconf 84' lang='lat' dir='ltr'>subito</span> <span class='ocrx_word' id='word_1_210' title='bbox 628 3767 745 3835; x_wconf 88' lang='lat' dir='ltr'>beatus</span> <span class='ocrx_word' id='word_1_211' title='bbox 764 3769 874 3835; x_wconf 84' lang='lat' dir='ltr'>astitit</span> <span class='ocrx_word' id='word_1_212' title='bbox 890 3769 1095 3853; x_wconf 79' lang='lat' dir='ltr'>Iidmundns,</span> <span class='ocrx_word' id='word_1_213' title='bbox 1112 3778 1210 3844; x_wconf 90' lang='lat' dir='ltr'>nivea</span> <span class='ocrx_word' id='word_1_214' title='bbox 1224 3780 1310 3847; x_wconf 83' lang='lat' dir='ltr'>stola</span> 
     </span>
     <span class='ocr_line' id='line_1_29' title="bbox 263 3871 1310 3968; baseline 0.004 -26"><span class='ocrx_word' id='word_1_215' title='bbox 263 3875 486 3965; x_wconf 80' lang='lat' dir='ltr'>praefingidus,</span> <span class='ocrx_word' id='word_1_216' title='bbox 502 3873 600 3940; x_wconf 88' lang='lat' dir='ltr'>vultu</span> <span class='ocrx_word' id='word_1_217' title='bbox 621 3871 743 3950; x_wconf 85' lang='lat' dir='ltr'>hilaris,</span> <span class='ocrx_word' id='word_1_218' title='bbox 759 3893 908 3938; x_wconf 88' lang='lat' dir='ltr'>sermone</span> <span class='ocrx_word' id='word_1_219' title='bbox 922 3872 1088 3941; x_wconf 85' lang='lat' dir='ltr'>iocundna</span> <span class='ocrx_word' id='word_1_220' title='bbox 1133 3879 1185 3946; x_wconf 81' lang='lat' dir='ltr'>Ac</span> <span class='ocrx_word' id='word_1_221' title='bbox 1202 3884 1310 3968; x_wconf 86' lang='lat' dir='ltr'>primo</span> 
     </span>
     <span class='ocr_line' id='line_1_30' title="bbox 263 3972 1309 4066; baseline 0.008 -21"><span class='ocrx_word' id='word_1_222' title='bbox 263 3979 453 4045; x_wconf 83' lang='lat' dir='ltr'>maestitiam</span> <span class='ocrx_word' id='word_1_223' title='bbox 479 3976 549 4042; x_wconf 89' lang='lat' dir='ltr'>eins</span> <span class='ocrx_word' id='word_1_224' title='bbox 580 3974 678 4042; x_wconf 88' lang='lat' dir='ltr'>solito</span> <span class='ocrx_word' id='word_1_225' title='bbox 707 3995 798 4040; x_wconf 86' lang='lat' dir='ltr'>more</span> <span class='ocrx_word' id='word_1_226' title='bbox 824 3972 945 4040; x_wconf 87' lang='lat' dir='ltr'>blande</span> <span class='ocrx_word' id='word_1_227' title='bbox 974 3977 1152 4060; x_wconf 84' lang='lat' dir='ltr'>consolans,</span> <span class='ocrx_word' id='word_1_228' title='bbox 1180 3983 1309 4066; x_wconf 89' lang='lat' dir='ltr'>deinde,</span> 
     </span>
    </p>

    <p class='ocr_par' dir='ltr' id='par_1_8' title="bbox 265 4076 1310 4166">
     <span class='ocr_line' id='line_1_31' title="bbox 265 4076 1310 4166; baseline 0 -18"><span class='ocrx_word' id='word_1_229' title='bbox 265 4091 282 4118; x_wconf 88' lang='lat'>“</span> <span class='ocrx_word' id='word_1_230' title='bbox 297 4079 416 4160; x_wconf 87' lang='lat' dir='ltr'>Vade‚”</span> <span class='ocrx_word' id='word_1_231' title='bbox 439 4079 558 4166; x_wconf 87' lang='lat' dir='ltr'>inquit,</span> <span class='ocrx_word' id='word_1_232' title='bbox 597 4085 614 4112; x_wconf 92' lang='lat'><strong>“</strong></span> <span class='ocrx_word' id='word_1_233' title='bbox 632 4077 675 4144; x_wconf 92' lang='lat' dir='ltr'>ad</span> <span class='ocrx_word' id='word_1_234' title='bbox 697 4099 807 4163; x_wconf 84' lang='lat' dir='ltr'>regem</span> <span class='ocrx_word' id='word_1_235' title='bbox 834 4076 946 4144; x_wconf 84' lang='lat' dir='ltr'>Swein</span> <span class='ocrx_word' id='word_1_236' title='bbox 967 4083 1143 4162; x_wconf 86' lang='lat' dir='ltr'>maturato,</span> <span class='ocrx_word' id='word_1_237' title='bbox 1167 4084 1237 4154; x_wconf 81' lang='lat' dir='ltr'>haeo</span> <span class='ocrx_word' id='word_1_238' title='bbox 1260 4089 1310 4156; x_wconf 86' lang='lat' dir='ltr'>illi</span> 
     </span>
    </p>

    <p class='ocr_par' dir='ltr' id='par_1_9' title="bbox 263 4179 1311 4277">
     <span class='ocr_line' id='line_1_32' title="bbox 263 4179 1311 4277; baseline -0.009 -24"><span class='ocrx_word' id='word_1_239' title='bbox 263 4210 307 4253; x_wconf 86' lang='lat' dir='ltr'>ex</span> <span class='ocrx_word' id='word_1_240' title='bbox 333 4207 387 4252; x_wconf 91' lang='lat' dir='ltr'>ore</span> <span class='ocrx_word' id='word_1_241' title='bbox 412 4205 486 4250; x_wconf 90' lang='lat' dir='ltr'>meo</span> <span class='ocrx_word' id='word_1_242' title='bbox 511 4181 669 4249; x_wconf 88' lang='lat' dir='ltr'>mandata</span> <span class='ocrx_word' id='word_1_243' title='bbox 690 4179 861 4268; x_wconf 85' lang='lat' dir='ltr'>perferens.</span> <span class='ocrx_word' id='word_1_244' title='bbox 908 4179 1066 4268; x_wconf 87' lang='lat' dir='ltr'>‘thuid</span> <span class='ocrx_word' id='word_1_245' title='bbox 1086 4207 1189 4253; x_wconf 81' lang='lat' dir='ltr'>vexas</span> <span class='ocrx_word' id='word_1_246' title='bbox 1210 4193 1311 4277; x_wconf 65' lang='lat' dir='ltr'>pugil.</span> 
     </span>
    </p>

    <p class='ocr_par' dir='ltr' id='par_1_10' title="bbox 262 4281 1311 4376">
     <span class='ocr_line' id='line_1_33' title="bbox 262 4281 1311 4376; baseline 0.005 -19"><span class='ocrx_word' id='word_1_247' title='bbox 262 4291 333 4358; x_wconf 90' lang='lat' dir='ltr'>lum</span> <span class='ocrx_word' id='word_1_248' title='bbox 359 4308 490 4376; x_wconf 86' lang='lat' dir='ltr'>gregem</span> <span class='ocrx_word' id='word_1_249' title='bbox 516 4307 635 4366; x_wconf 87' lang='lat' dir='ltr'>meum,</span> <span class='ocrx_word' id='word_1_250' title='bbox 659 4281 846 4370; x_wconf 90' lang='lat' dir='ltr'>inponendo</span> <span class='ocrx_word' id='word_1_251' title='bbox 869 4281 985 4371; x_wconf 88' lang='lat' dir='ltr'>iugum</span> <span class='ocrx_word' id='word_1_252' title='bbox 1012 4285 1100 4371; x_wconf 92' lang='lat' dir='ltr'>quod</span> <span class='ocrx_word' id='word_1_253' title='bbox 1130 4291 1192 4356; x_wconf 90' lang='lat' dir='ltr'>snb</span> <span class='ocrx_word' id='word_1_254' title='bbox 1218 4294 1311 4362; x_wconf 92' lang='lat' dir='ltr'>nullo</span> 
     </span>
    </p>

    <p class='ocr_par' dir='ltr' id='par_1_11' title="bbox 263 4385 1312 4481">
     <span class='ocr_line' id='line_1_34' title="bbox 263 4385 1312 4481; baseline 0.006 -21"><span class='ocrx_word' id='word_1_255' title='bbox 263 4399 394 4460; x_wconf 85' lang='lat' dir='ltr'>traxere</span> <span class='ocrx_word' id='word_1_256' title='bbox 417 4394 559 4478; x_wconf 64' lang='lat' dir='ltr'>regum?</span> <span class='ocrx_word' id='word_1_257' title='bbox 612 4385 796 4473; x_wconf 83' lang='lat' dir='ltr'>Vectigales</span> <span class='ocrx_word' id='word_1_258' title='bbox 820 4407 991 4472; x_wconf 86' lang='lat' dir='ltr'>nunquam</span> <span class='ocrx_word' id='word_1_259' title='bbox 1016 4408 1086 4455; x_wconf 84' lang='lat' dir='ltr'>esse</span> <span class='ocrx_word' id='word_1_260' title='bbox 1111 4391 1312 4481; x_wconf 85' lang='lat' dir='ltr'>didicerunt,</span> 
     </span>
    </p>

    <p class='ocr_par' dir='ltr' id='par_1_12' title="bbox 267 4489 1313 4588">
     <span class='ocr_line' id='line_1_35' title="bbox 267 4489 1313 4588; baseline -0.002 -24"><span class='ocrx_word' id='word_1_261' title='bbox 267 4497 393 4566; x_wconf 83' lang='lat' dir='ltr'>tributa</span> <span class='ocrx_word' id='word_1_262' title='bbox 421 4513 590 4580; x_wconf 86' lang='lat' dir='ltr'>nunquam</span> <span class='ocrx_word' id='word_1_263' title='bbox 621 4489 762 4578; x_wconf 89' lang='lat' dir='ltr'>pendere</span> <span class='ocrx_word' id='word_1_264' title='bbox 792 4496 1041 4557; x_wconf 85' lang='lat' dir='ltr'>consueverunt</span> <span class='ocrx_word' id='word_1_265' title='bbox 1104 4491 1313 4588; x_wconf 80' lang='lat' dir='ltr'>Quapropter</span> 
     </span>
    </p>

    <p class='ocr_par' dir='ltr' id='par_1_13' title="bbox 266 4593 1314 4775">
     <span class='ocr_line' id='line_1_36' title="bbox 266 4593 1313 4682; baseline -0.001 -15"><span class='ocrx_word' id='word_1_266' title='bbox 266 4603 345 4667; x_wconf 90' lang='lat' dir='ltr'>dum</span> <span class='ocrx_word' id='word_1_267' title='bbox 374 4598 460 4675; x_wconf 87' lang='lat' dir='ltr'>licet,</span> <span class='ocrx_word' id='word_1_268' title='bbox 490 4595 649 4661; x_wconf 87' lang='lat' dir='ltr'>iniustam</span> <span class='ocrx_word' id='word_1_269' title='bbox 678 4593 878 4658; x_wconf 89' lang='lat' dir='ltr'>sententiam</span> <span class='ocrx_word' id='word_1_270' title='bbox 904 4594 1102 4682; x_wconf 65' lang='lat' dir='ltr'>corrigens</span> <span class='ocrx_word' id='word_1_271' title='bbox 1127 4599 1212 4666; x_wconf 83' lang='lat' dir='ltr'>forte</span> <span class='ocrx_word' id='word_1_272' title='bbox 1237 4625 1313 4673; x_wconf 89' lang='lat' dir='ltr'>cum</span> 
     </span>
     <span class='ocr_line' id='line_1_37' title="bbox 267 4693 1314 4775; baseline 0.004 -6"><span class='ocrx_word' id='word_1_273' title='bbox 267 4701 410 4769; x_wconf 87' lang='lat' dir='ltr'>volueris</span> <span class='ocrx_word' id='word_1_274' title='bbox 432 4697 569 4763; x_wconf 83' lang='lat' dir='ltr'>minime</span> <span class='ocrx_word' id='word_1_275' title='bbox 589 4695 695 4762; x_wconf 80' lang='lat' dir='ltr'>liceat</span> <span class='ocrx_word' id='word_1_276' title='bbox 744 4693 868 4775; x_wconf 84' lang='lat' dir='ltr'>Quodsi</span> <span class='ocrx_word' id='word_1_277' title='bbox 889 4717 963 4761; x_wconf 90' lang='lat' dir='ltr'>mea</span> <span class='ocrx_word' id='word_1_278' title='bbox 984 4699 1111 4765; x_wconf 83' lang='lat' dir='ltr'>monita</span> <span class='ocrx_word' id='word_1_279' title='bbox 1132 4723 1200 4769; x_wconf 90' lang='lat' dir='ltr'>non</span> <span class='ocrx_word' id='word_1_280' title='bbox 1221 4727 1314 4774; x_wconf 89' lang='lat' dir='ltr'>reve-</span> 
     </span>
    </p>
   </div>
   <div class='ocr_carea' id='block_1_3' title="bbox 266 4797 1313 4980">
    <p class='ocr_par' dir='ltr' id='par_1_14' title="bbox 266 4797 1313 4980">
     <span class='ocr_line' id='line_1_38' title="bbox 266 4797 1313 4895; baseline 0.006 -25"><span class='ocrx_word' id='word_1_281' title='bbox 266 4805 346 4880; x_wconf 79' lang='lat' dir='ltr'>reris</span> <span class='ocrx_word' id='word_1_282' title='bbox 384 4801 579 4878; x_wconf 86' lang='lat' dir='ltr'>obstinatus,</span> <span class='ocrx_word' id='word_1_283' title='bbox 610 4820 663 4870; x_wconf 88' lang='lat' dir='ltr'>me</span> <span class='ocrx_word' id='word_1_284' title='bbox 697 4797 875 4892; x_wconf 72' lang='lat' dir='ltr'>provincia</span> <span class='ocrx_word' id='word_1_285' title='bbox 905 4799 1107 4868; x_wconf 84' lang='lat' dir='ltr'>defensorem</span> <span class='ocrx_word' id='word_1_286' title='bbox 1138 4810 1313 4895; x_wconf 84' lang='lat' dir='ltr'>experieris</span> 
     </span>
     <span class='ocr_line' id='line_1_39' title="bbox 1203 4929 1225 4980; baseline 0 0"><span class='ocrx_word' id='word_1_287' title='bbox 1203 4929 1225 4980; x_wconf 75' lang='grc' dir='ltr'><strong><em>Ζ</em></strong></span> 
     </span>
    </p>
   </div>
   <div class='ocr_carea' id='block_1_4' title="bbox 0 0 1785 5796">
    <p class='ocr_par' dir='ltr' id='par_1_15' title="bbox 0 0 1785 5796">
     <span class='ocr_line' id='line_1_40' title="bbox 0 0 1785 5796; baseline 0 0"><span class='ocrx_word' id='word_1_288' title='bbox 0 0 1785 5796; x_wconf 95' lang='lat' dir='ltr'> </span> 
     </span>
    </p>
   </div>
  </div>
 </body>
</html>
