3542 5800
388 894 437 941 nr.
459 894 573 945 enarre
595 895 716 945 aranu
737 895 921 947 nucu-11.
947 894 1128 946 cremum.
1244 884 1289 951 47

239 1076 326 1151 Quod
351 1086 470 1141 mortuo
494 1080 605 1143 Sledda
630 1100 702 1159 rege
729 1080 930 1144 Orientalium
961 1082 1115 1145 Saxonum
1143 1082 1286 1145 Sebertue

277 1173 359 1235 filine
379 1175 445 1234 eiua
464 1176 605 1253 regnavit
625 1194 680 1252 pro
700 1194 745 1235 eo.
792 1175 864 1255 Cap.
882 1176 945 1239 xiv.

238 1264 282 1325 Ut
303 1285 362 1326 rex
381 1266 657 1331 Nerthumbrorum
671 1266 876 1329 AEthelfridua
900 1268 982 1331 mille
999 1278 1031 1333 at
1050 1270 1195 1334 ducentur
1226 1288 1288 1331 mo·

277 1360 389 1419 nechea
408 1359 604 1421 interfecerit.
650 1358 726 1439 Cap.
742 1380 795 1421 xv.

239 1449 285 1509 De
304 1452 391 1511 obitu
410 1453 492 1513 beati
511 1471 597 1531 papa
618 1452 769 1531 Gregorii.
815 1453 892 1533 Gap.
913 1454 975 1515 xvi.

240 1542 326 1616 Quod
339 1544 532 1623 Augustinus
544 1546 773 1607 Britanniamm
787 1548 1028 1625 archiepiscopus
1048 1546 1201 1609 ordinavit
1214 1548 1288 1609 duos

278 1637 440 1715 episcopeo,
454 1638 606 1700 Mellitum
628 1639 769 1699 videlieet
788 1647 821 1701 et
839 1639 974 1711 iustum,
990 1648 1022 1699 ct
1042 1642 1079 1701 de
1100 1641 1287 1701 dedicatione

278 1731 411 1791 ecoleaiae
430 1730 511 1791 beati
530 1731 617 1791 Petri
638 1732 907 1795 Weetmonaeterii.
954 1732 1027 1813 Cup.
1044 1734 1117 1795 xvii.

239 1821 393 1883 (leoli-iem
412 1842 468 1885 rex
490 1822 730 1885 Occidentalium
752 1824 907 1887 &nouom
927 1824 1011 1887 obiit.
1057 1826 1133 1907 Cap.
1148 1826 1233 1887 xviii.

239 1916 286 1976 De
304 1917 428 1995 regibus
448 1916 629 1994 Anglorum.
673 1916 750 1997 Cap.
765 1918 830 1978 xix

238 2010 432 2072 Ethelbertua
451 2029 508 2069 rex
529 2010 762 2071 (lantoni-iorum
782 2011 871 2070 obiit.
916 2010 989 2091 Cap.
1005 2032 1058 2071 xx.

239 2100 326 2176 Quod
353 2102 508 2163 Edbaldua
534 2122 601 2173 rex,
627 2103 707 2163 filiue
734 2102 914 2177 Ethclberti,
942 2105 974 2163 in
1002 2122 1094 2181 regno
1122 2104 1201 2183 patri
1222 2124 1288 2167 aue·

278 2196 386 2255 cedena
409 2195 449 2257 ad
472 2195 622 2256 culturam
645 2195 793 2257 idolorum
816 2196 991 2257 revertitur.
1035 2196 1108 2275 Cap.
1130 2199 1194 2259 xxi.

240 2287 376 2362 Qualiter
410 2288 591 2349 laurentina
623 2290 866 2367 arehiepiscopue,
904 2289 1075 2351 Cantuarioe
1103 2292 1140 2351 ab
1170 2301 1287 2370 aposto-

276 2383 375 2442 lorum
396 2382 533 2459 principe
553 2382 733 2458 flagellatur.
779 2381 852 2461 Cap.
867 2382 945 2441 xxii.

238 2475 286 2535 De
313 2495 416 2552 pugna
448 2476 528 2533 inter
559 2474 779 2535 AEthelfridom
812 2494 914 2553 regem
951 2476 1227 2537 Nerthumbrorum
1257 2486 1288 2539 ot

276 2569 493 2629 Reodwaldum
512 2586 614 2645 regem
635 2567 840 2627 Orientalium
859 2568 1039 2646 Auglorum.
1085 2569 1158 2649 Cap.
1175 2572 1263 2629 xxiii.

239 2660 322 2723 Gens
346 2660 623 2721 Northumbrorum
647 2680 715 2719 eum
736 2680 808 2739 rege
831 2680 887 2721 auo
914 2660 1042 2721 Edwino
1068 2666 1193 2723 verbum
1214 2664 1283 2725 tidei

275 2755 460 2833 praedicante
483 2749 663 2833 [Paulino]¹
683 2754 823 2830 coacepit.
871 2753 943 2832 Cup.
960 2756 1045 2815 xxiv.

239 2847 325 2923 Quod
361 2846 505 2908 Edwinue
532 2864 589 2906 rex
613 2846 730 2924 accepit
756 2864 776 2906 a
801 2846 959 2908 Bouiiaoio
992 2868 1071 2927 papa
1103 2849 1221 2914 litterae
1249 2850 1287 2910 ari

276 2943 366 3002 fldem
385 2941 616 3000 exhortatoriae.
662 2939 737 3019 Cap.
755 2959 830 3000 xxv.

239 3034 325 3109 Quod
340 3034 519 3094 Boniieciue
537 3052 617 3111 papa
647 3033 731 3093 miait
753 3033 871 3094 litteras
899 3035 937 3094 ad
961 3033 1196 3113 AEthelburgam
1215 3055 1287 3096 eon·

275 3130 378 3206 iugem
397 3124 473 3186 dicti
491 3127 573 3202 regia
594 3124 723 3186 Edwini.
771 3126 843 3206 Cap.
865 3128 952 3187 xxvi.

238 3223 284 3282 De
307 3221 429 3281 oraculo
450 3219 573 3291 cmleati,
597 3219 679 3294 quod
709 3219 839 3280 Edwino
869 3219 1021 3296 quondam
1042 3221 1180 3281 exulanti
1207 3223 1287 3298 apud

276 3312 493 3375 Reodvaldnm
524 3330 628 3389 regem
654 3311 750 3389 pietas
777 3312 893 3372 Divina
919 3313 1054 3374 revelare
1082 3313 1206 3392 dignata
1232 3323 1286 3375 eet.

346 3425 467 3466 .xxvn.

242 3407 409 3574 Ουξὲρτοκ
434 3497 581 3557 Edvrinua
614 3515 683 3556 eom
717 3497 834 3558 eunctis
857 3499 958 3575 gentis
984 3518 1045 3560 aua
1072 3499 1223 3562 nobilibus
1251 3519 1287 3562 ao

276 3594 364 3671 plebe
386 3591 573 3671 perplurima
589 3590 678 3650 fldem
696 3598 728 3651 et
748 3591 902 3652 lavacrum
922 3600 1033 3652 aanotae
1052 3595 1286 3672 regenerationis

276 3687 400 3764 acecpit.
443 3683 522 3762 cap.
534 3683 645 3742 xxviii.

239 3778 323 3853 Quod
345 3784 435 3838 muta
454 3777 516 3837 fuit
533 3795 597 3854 pax
614 3785 747 3854 tempore
764 3777 846 3854 regie
867 3775 989 3838 Edrvini
1009 3779 1042 3838 iu
1062 3779 1187 3858 Anglia,
1207 3783 1287 3858 quod

276 3873 384 3933 mulier
404 3889 472 3932 eum
492 3889 552 3930 uno
577 3871 704 3949 parvulo
733 3888 789 3948 per
808 3877 905 3931 totum
931 3891 1058 3949 regnum
1085 3875 1149 3932 eiua
1172 3894 1192 3934 a
1210 3876 1287 3934 mari

275 3985 371 4042 usque
406 3965 445 4023 cd
474 3982 556 4024 mare
590 3963 674 4023 nullo
701 3982 733 4024 aa
762 3963 889 4024 laedente
921 3965 1130 4042 perambulare
1163 3967 1285 4026 valeret.

280 4057 352 4138 Cup.
367 4058 460 4119 xxi1.

240 4149 325 4225 Quod
349 4150 504 4212 Honorius
531 4168 610 4227 papa
635 4150 702 4228 regi
729 4149 859 4210 Edvvino
884 4149 1003 4210 litterae
1028 4151 1151 4212 miserat
1177 4153 1286 4213 exhor·

275 4245 410 4306 tatoriaa.
457 4242 532 4322 Cup.
547 4261 623 4301 xxx.

239 4337 284 4398 De
308 4357 414 4418 pugna
436 4336 515 4396 inter
537 4355 639 4414 regem
665 4335 829 4397 Edwinum
855 4335 1132 4398 Nerthumbrurum
1155 4347 1187 4400 et
1209 4339 1285 4402 Cad-

275 4433 433 4493 vraiiouem
450 4448 553 4506 regem
572 4429 742 4488 Britonum.
788 4428 862 4508 Cap.
876 4430 966 4489 xxxi.

499 4739 507 4769 ¹
526 4735 648 4802 Paulino]
666 4751 716 4790 om.
734 4735 808 4797 Mssa
835 4739 880 4790 but
897 4738 1035 4792 seebelov.
