3542 5800
458 859 524 924 258
678 921 688 938 .
713 871 781 920 mo.
805 872 852 920 na
874 871 1007 920 eramo.
1031 871 1120 920 arao.
1144 868 1230 918 arsr.

457 1058 633 1145 proprium,
666 1057 725 1142 qui
746 1063 859 1123 tamen
885 1057 928 1122 ad
954 1057 1040 1144 regis
1064 1055 1319 1122 westsaxonum
1349 1057 1510 1140 spectaret

290 1163 386 1240 ugbert
458 1161 638 1224 arbitrium.
685 1157 873 1225 Tmnsaotis
902 1159 990 1224 enim
1017 1159 1083 1223 illis
1112 1158 1252 1244 triginta
1281 1155 1389 1222 tribus
1414 1156 1509 1220 annis

290 1244 405 1346 fflioe
458 1263 542 1327 hano
572 1262 674 1328 etiam
712 1264 878 1349 regionem
911 1285 985 1327 oum
1024 1262 1140 1328 esteris
1177 1259 1324 1325 obtinuit
1353 1281 1412 1324 rex
1441 1258 1506 1344 Eg-

289 1361 396 1424 fflbfi&
459 1365 573 1430 bertus
613 1385 699 1430 anno
737 1363 919 1431 Dominioae
965 1364 1199 1430 incarnationis
1236 1361 1509 1448 octingentesimo

289 1429 357 1481 ‘w'
370 1433 426 1482 ⁸²⁷⁸
460 1468 614 1533 vioesimo
644 1467 793 1554 septimo,
817 1489 905 1534 anno
928 1467 1020 1554 regni
1044 1468 1096 1534 sui
1118 1465 1272 1532 vioesimo
1295 1471 1417 1532 octavo.

867 1879 947 1946 Gar.
971 1877 1098 1944 LXIII.

557 2070 608 2138 De
629 2068 806 2154 Kmaewtyt
829 2067 1106 2138 Oeoidoamtium
1127 2065 1307 2138 Sacamum
1321 2089 1401 2155 repe.

289 2279 408 2360 mnewls
504 2271 670 2337 Euromo
691 2295 713 2336 a
734 2293 835 2360 regno
851 2271 1110 2338 occidentalium
1127 2271 1303 2350 Saxonum,
1320 2270 1404 2336 siout
1427 2289 1509 2355 prae-

289 2347 402 2463 ξξζξεζὲ
459 2375 615 2451 misimus,
640 2397 716 2461 rege
750 2375 931 2461 Sigeberto,
968 2375 1152 2440 Kmowlfus
1183 2374 1311 2441 iuvenis
1345 2373 1385 2438 de
1408 2371 1509 2457 stirpe

458 2478 560 2564 regali
589 2499 757 2564 prooenmr
786 2479 880 2564 regni
904 2483 938 2544 et
967 2478 1072 2543 totius
1093 2477 1207 2564 populi
1237 2476 1375 2564 provida
1390 2475 1510 2540 delibe-

288 2583 411 2636 Defeateu
458 2580 644 2646 rationein
676 2602 786 2666 regem
807 2585 976 2666 promotus
1014 2587 1072 2646 est.
1134 2580 1203 2645 Iste
1245 2578 1377 2664 quidem
1407 2576 1510 2642 Kino-

286 2653 432 2785 fflissgt
458 2683 556 2748 wlfus
588 2683 694 2748 olarus
726 2683 843 2748 extitit
879 2704 1008 2748 morum
1039 2682 1274 2769 compositione
1315 2681 1508 2765 militiaeque

287 2792 359 2864 tone
368 2801 436 2838 anno
457 2786 565 2873 gestis
611 2785 678 2851 Sed
706 2807 774 2851 uno
795 2786 863 2852 solo
885 2786 1043 2853 adversus
1065 2784 1175 2850 Offam
1189 2805 1299 2872 regem
1314 2783 1509 2850 Marciorum

287 2859 410 2986 {ffim
456 2894 590 2977 propter
627 2888 870 2977 Benesingtone
911 2889 1065 2957 vicesimo
1111 2894 1231 2976 quarto
1278 2889 1372 2977 regni
1420 2908 1508 2953 anno

287 3000 375 3081 Mala.
456 2992 573 3079 proelio
607 2992 725 3069 victus,
779 2992 958 3079 multisque
1004 2990 1138 3079 perinde
1180 2992 1310 3057 damnis
1359 2988 1507 3069 afflictus,

286 3075 390 3136 “²⁶²
403 3076 442 3124 ⁵⁷·
455 3093 543 3159 fmdo
566 3096 667 3160 etiam
694 3094 789 3161 exitu
810 3092 910 3161 finem
941 3094 1022 3161 vitae
1044 3096 1180 3161 sortitus
1210 3098 1268 3161 est.
1318 3093 1408 3159 Nam
1434 3114 1509 3159 oum

285 3174 443 3307 mg}
455 3201 624 3282 regnasset
644 3196 766 3283 viginti
788 3218 848 3261 sex
870 3194 994 3277 annas,
1016 3201 1051 3263 ee
1072 3201 1186 3263 conara
1201 3196 1356 3263 natones
1371 3200 1406 3263 ea
1427 3194 1509 3261 auos

285 3308 416 3373 ’epam
455 3298 580 3363 multos
610 3298 726 3384 proelia
756 3298 898 3384 plurima
928 3298 1142 3365 laudabiliter
1172 3300 1394 3375 sommisisaet,
1429 3318 1509 3364 exu-

285 3388 376 3505 ffit
455 3398 540 3465 lavit
568 3400 702 3465 tandem
732 3400 887 3467 iuvenem
917 3402 1081 3487 quendam
1105 3402 1237 3467 nomine
1268 3402 1507 3481 KJ'nehardum,

284 3518 353 3571 ml).
372 3526 428 3585 rso,
454 3500 590 3567 fratrem
624 3502 788 3589 Sigeberti
814 3504 900 3591 regis
930 3526 1027 3590 quem
1058 3504 1244 3571 Kinewlfus
1266 3528 1288 3570 a
1308 3526 1411 3593 regno
1440 3504 1508 3590 pri-

283 3592 376 3649 1’·²⁸⁰·
454 3609 600 3684 voverat,
625 3603 749 3669 habens
778 3604 873 3671 illum
905 3612 1091 3693 suspectum
1114 3630 1157 3673 ne
1187 3607 1348 3694 aspiraret
1370 3607 1412 3671 ad
1433 3628 1507 3692 reg·

455 3727 535 3771 num
557 3706 612 3773 vel
633 3706 773 3793 (lenique
787 3728 900 3773 neoem
923 3708 1034 3775 fratris
1058 3710 1109 3775 sui
1131 3710 1167 3774 in
1188 3710 1297 3797 ipsum
1317 3709 1506 3775 vindicaret

283 3792 370 3913 33¹3·
456 3808 669 3876 Kinehardus
698 3830 777 3875 vero
801 3812 943 3897 tempori
973 3811 1155 3878 sedendum
1184 3813 1326 3891 eredens,
1358 3812 1507 3879 dissimu-

282 3940 306 3990 p.
319 3932 358 3977 as.
454 3913 526 3979 lans
569 3914 681 3981 animo
726 3914 822 4001 qnasi
866 3914 981 3981 volens
1026 3914 1164 4002 aufugit.
1209 3915 1276 3983 Sed
1309 3936 1387 3981 mox
1431 3936 1505 3981 mun

452 4015 585 4082 furtivis
606 4016 800 4105 praedonum
814 4018 1051 4085 eonsentiouiis
1065 4038 1234 4085 nemorosa
1255 4022 1369 4105 petens
1389 4016 1506 4083 abdita

450 4116 486 4183 in
520 4120 648 4185 insidiis
678 4119 792 4185 multis
826 4120 1027 4208 expectabat
1058 4121 1181 4201 diebus,
1213 4126 1347 4209 propter
1370 4140 1503 4209 prover·-

450 4219 542 4287 bium
563 4242 629 4307 quo
650 4221 789 4289 dieitur:

530 4352 619 4426 Quod
638 4374 699 4416 non
718 4358 810 4437 longa
828 4376 913 4419 mora
933 4358 1004 4419 dara
1025 4360 1108 4435 solet,
1130 4360 1182 4419 dat
1201 4358 1302 4419 brevis
1322 4358 1404 4419 hora

449 4466 583 4535 Interea
604 4471 683 4537 dum
705 4495 765 4539 rex
787 4472 978 4543 Kinewlfirs
1009 4474 1124 4542 alienis
1156 4476 1302 4543 serviens
1334 4474 1499 4542 amoribus

745 4800 752 4829 ¹
771 4804 857 4869 υἰςίηῑί
872 4803 930 4871 sex]
947 4803 1022 4859 mi.
1034 4802 1105 4858 will.
1117 4804 1204 4859 Maim
