3542 5800
431 877 478 928 os
502 877 635 929 ossus
657 877 782 929 aueuu
802 877 986 930 suen-11.
1012 866 1062 931 64.
1216 863 1282 928 289

238 1061 364 1131 minore
377 1066 551 1155 proecepit!
573 1088 646 1134 eoee
660 1067 764 1133 altera
777 1065 941 1134 Herodiss
954 1067 991 1132 in
1005 1067 1123 1155 spiritu
1145 1087 1284 1153 nequam

238 1167 320 1232 item
351 1169 483 1248 revixit,
517 1192 592 1256 quae
629 1176 727 1258 oaput
763 1169 926 1236 Johannis
959 1169 1120 1258 Baptistae
1155 1169 1287 1236 Herode

240 1271 421 1358 imperante
464 1273 500 1340 iu
540 1273 629 1340 diseo
665 1273 810 1359 aooepitt
853 1295 925 1339 aeae
968 1273 1104 1339 Jezabel
1142 1277 1177 1339 et
1216 1293 1287 1339 eooe
1408 1289 1414 1306 ·

240 1373 409 1452 Herodios,
433 1397 492 1463 per
512 1381 686 1463 utramque
714 1375 804 1442 enim
834 1379 988 1462 operatus
1019 1381 1068 1442 est
1099 1375 1286 1443 Sathanss!

239 1477 374 1544 «Iezabel
388 1483 538 1544 mortum
557 1482 731 1566 persequto
753 1481 805 1544 eet
827 1477 970 1558 Heliam,
994 1478 1157 1545 Herodiss
1189 1479 1287 1544 morti

240 1580 418 1646 destinavit
448 1580 636 1648 Johonnem
676 1580 869 1668 Baptistam.
937 1581 982 1646 Et
1020 1601 1092 1648 eoae
1122 1582 1222 1647 tertia
1250 1581 1287 1646 in

238 1704 373 1749 numero
393 1704 507 1750 earum
529 1684 680 1761 accrevit,
703 1705 778 1770 quae
799 1683 836 1749 iu
857 1687 962 1750 morte
979 1683 1068 1750 beati
1084 1683 1282 1750 AEthelberti

241 1785 463 1852 fraudulenter
491 1785 650 1854 deeaevitt
708 1785 806 1866 Quid,
836 1785 980 1871 inquam,
1018 1789 1111 1852 vatos
1148 1792 1286 1872 uterque

242 1887 428 1954 oommisitt
448 1895 509 1955 aut
523 1889 558 1954 in
581 1911 648 1974 quo
670 1893 810 1954 mortem
829 1909 889 1954 rex
910 1887 1070 1974 gloriosus
1087 1890 1289 1976 promeruit?

242 1991 365 2069 Helias,
380 1991 536 2077 quoniam
558 1991 650 2056 Aoab
672 1996 707 2057 ot
728 1989 864 2057 «Iezabel
884 1990 1150 2077 reprehendebat,
1173 2013 1287 2079 passus

239 2099 292 2159 est
327 2094 579 2172 exterminium
616 2093 783 2160 Johannes
813 2094 920 2180 eapite
963 2092 1078 2180 plexus
1115 2099 1174 2174 est,
1211 2095 1289 2181 quia

242 2195 446 2263 Herodiset
479 2195 677 2262 Herodiadis
706 2195 902 2283 prohibebat
922 2195 1089 2262 inaestuat
1136 2197 1206 2264 Neo
1226 2199 1287 2264 hoo

241 2297 389 2380 dicimus,
403 2304 444 2366 ut
457 2299 600 2386 aliquem
619 2298 709 2365 inter
727 2303 823 2364 natos
841 2297 1015 2364 mulierum
1030 2298 1128 2366 beato
1148 2300 1288 2366 velimus

242 2423 410 2487 ooaequaro
428 2401 582 2479 Johanni,
600 2401 658 2468 sed
677 2401 773 2468 utin
799 2402 898 2468 bwto
920 2407 1064 2490 martyre
1082 2403 1288 2471 AEthelberto

243 2504 413 2571 laudemus
426 2508 462 2572 et
474 2503 692 2592 glorifioemus
705 2503 871 2571 mirabilia
885 2503 956 2570 Dei.
1003 2504 1073 2572 Nee
1096 2527 1171 2572 eum
1192 2505 1290 2574 beato

245 2607 354 2674 Heliae
367 2629 522 2674 conamur
542 2607 703 2694 praeferre,
726 2627 825 2694 quem
846 2607 883 2672 in
898 2608 974 2694 igne
997 2607 1087 2674 Deus
1109 2609 1228 2698 legitur
1250 2611 1291 2677 do

244 2711 367 2778 mundo
407 2709 560 2798 rapuisse,
599 2710 657 2776 sod
692 2714 733 2776 ut
768 2709 979 2776 ostendamus
1015 2711 1169 2796 quoniam
1202 2713 1289 2801 [qui]

244 2812 377 2879 Heliam
405 2811 525 2880 adhua‘
540 2813 578 2878 in
607 2833 704 2878 aomo
733 2811 905 2879 viventem
933 2819 1028 2880 tanto
1063 2815 1217 2903 dignatus
1240 2821 1290 2880 est

244 2916 476 2984 circumvenire
489 2916 670 3004 splendore,
685 2917 755 3003 ipse
769 2921 918 2982 sanotmn
933 2916 1032 2983 hodie
1046 2917 1289 2985 AEthelbortum

243 3021 287 3087 ad
308 3019 428 3106 gaudia
450 3019 549 3086 duxit
569 3018 763 3086 festivitatis
784 3024 924 3087 oeternae.

247 3452 495 3519 eommosrro.
539 3449 638 3533 Quod
658 3449 735 3538 Offa
754 3456 950 3537 supportate
972 3404 1185 3521 &morbertus
1200 3453 1290 3543 fooit

649 3552 889 3621 homicidium.

292 3756 390 3822 Osrs
412 3778 490 3821 vero
514 3757 668 3821 omnibus
691 3756 888 3835 oonsulibus,
914 3758 1065 3837 tribunis,
1092 3758 1229 3825 ducibus
1256 3764 1289 3825 et
1304 3776 1435 3827 thubert

247 3860 460 3947 optimatibus
479 3859 592 3945 populi
615 3860 666 3923 sui
690 3860 732 3924 ad
762 3882 797 3923 se
821 3861 973 3940 evocatis,
998 3866 1017 3895 “
1029 3860 1148 3938 Num,''
1171 3862 1288 3947 inquit,
1299 3844 1385 3960 ffil

248 3972 347 4028 “mea
368 3962 568 4028 detrimenta
598 3968 632 4027 et
658 3962 780 4027 damna
801 3984 867 4027 non
890 3962 1124 4027 consideratis?
1168 3962 1288 4029 Nonne
1301 3976 1447 4027 AEthetbert.

244 4066 365 4130 videtis
396 4069 512 4150 gentes
549 4064 694 4129 advenae
727 4065 812 4151 regis
850 4064 1063 4129 adolescentis
1098 4065 1289 4152 insipienter

246 4168 310 4234 hue
339 4167 518 4247 advenisse,
545 4167 612 4231 iam
641 4169 772 4253 iamque
801 4188 899 4253 super
928 4188 988 4231 nos
1014 4188 1163 4232 exeroere
1186 4169 1292 4234 domi·

245 4272 337 4335 nium
367 4270 463 4334 firmo
492 4270 603 4334 animo
633 4268 835 4335 demovisset
895 4268 961 4349 Qui
995 4269 1059 4334 huo
1087 4290 1189 4357 usquo
1219 4294 1291 4339 mea

247 4394 367 4459 magno
422 4372 573 4459 potentia
628 4370 738 4437 fuistis
793 4371 896 4437 fortes
945 4376 979 4439 et
1032 4371 1135 4451 liberi,
1193 4375 1293 4441 sinino

247 4475 436 4541 nationibus
482 4474 596 4540 olienis
643 4472 848 4540 tolerabitis¹
896 4494 966 4539 esse
1010 4474 1172 4543 subiectit
1242 4478 1294 4542 Ne

547 4790 555 4821 ¹
568 4788 713 4857 tdoeotitis]
726 4791 886 4852 tolerabilius,
896 4792 954 4847 Me.
