3542 5800
467 872 532 933 118
684 927 686 930 .
730 881 796 931 rue.
819 881 867 930 nn
889 880 1021 931 cmuuo.
1045 880 1134 931 sruo.
1158 880 1246 938 mss,

464 1070 627 1135 vocabulo
650 1070 831 1147 Ronherus,
848 1068 972 1135 ocoisus
995 1074 1052 1135 est.
1093 1066 1144 1133 Ac
1165 1069 1212 1135 sic
1234 1066 1393 1135 Edwinus
1417 1066 1517 1133 iustu

464 1175 631 1239 oraculum
655 1175 743 1259 quod
765 1179 941 1260 acceperat,
965 1194 1032 1238 non
1054 1176 1187 1239 tantum
1209 1172 1295 1259 regis
1317 1172 1382 1237 sibi
1404 1170 1517 1237 infesti

464 1276 601 1341 insidias
630 1277 763 1353 vitavit,
779 1298 897 1343 verum
921 1276 1023 1341 etism
1047 1275 1154 1341 eidem
1177 1280 1348 1361 perempto
1363 1275 1400 1341 in
1420 1273 1515 1361 regui

465 1380 604 1466 glotism
627 1379 787 1445 successit

296 1514 417 1567 Paulinus
511 1482 597 1549 Oum
641 1504 719 1569 ergo
764 1481 963 1569 praedicsuto
1003 1481 1142 1546 verbum
1179 1479 1244 1547 Doi
1278 1478 1417 1545 Paulino
1454 1500 1516 1545 rex

298 1582 409 1661 reminds
466 1585 595 1651 credere
625 1586 779 1662 differret
812 1590 846 1651 et
875 1606 935 1671 per
957 1582 1091 1669 aliquod
1121 1588 1261 1670 tempus,
1291 1588 1331 1649 ut
1361 1582 1514 1659 diximus,

295 1648 437 1769 iffi&
464 1688 554 1753 horis
575 1688 836 1776 competentibus
858 1686 1023 1752 soliterius
1045 1686 1181 1763 sederet,
1198 1686 1329 1772 etquid
1350 1686 1515 1772 egendum

463 1792 527 1857 sibi
558 1797 651 1869 esset,
685 1812 759 1877 quae
788 1790 903 1876 religio
937 1790 1112 1875 sequenda,
1136 1789 1270 1856 sedulus
1306 1810 1416 1855 secum
1445 1788 1515 1875 ipsc

463 1895 603 1959 scrutari
618 1900 810 1973 consuesset,
825 1891 1012 1979 ingrediens
1035 1892 1078 1958 od
1101 1913 1176 1958 eum
1192 1892 1334 1978 quodem
1358 1892 1411 1957 die
1425 1891 1514 1958 idem

463 1997 517 2061 vir
532 1998 604 2074 Dei,
620 1997 778 2084 imposuit
795 1996 967 2061 dexteram
983 1994 1085 2081 ospiti
1102 1995 1180 2071 eius,
1198 2000 1232 2061 et
1247 2016 1291 2061 on
1305 1995 1367 2061 hoc
1382 1994 1514 2080 signum

463 2106 661 2186 agnosceret,
676 2099 858 2184 requisivit
906 2098 973 2178 Qui
996 2120 1071 2163 cum
1093 2102 1239 2163 tremens
1261 2098 1305 2163 ed
1326 2096 1427 2183 pedes
1445 2098 1514 2163 eius

462 2203 629 2288 procidere
660 2202 768 2281 vellet,
799 2200 927 2267 levavit
960 2222 1044 2281 eum,
1070 2203 1105 2264 et
1131 2200 1225 2285 quasi
1255 2199 1412 2265 familiari
1434 2221 1514 2265 voce

463 2305 607 2369 offatm:
635 2304 776 2384 “Eoos''
790 2303 908 2389 inquit,
927 2302 1099 2369 “hostium
1121 2324 1238 2367 manus
1259 2324 1340 2389 quos
1362 2302 1512 2379 timuisti,

463 2406 608 2471 Domino
642 2408 794 2484 donante,
819 2405 977 2486 evasisti3
1012 2426 1090 2482 soce,
1114 2426 1252 2491 mgnum
1274 2406 1363 2491 quod
1391 2405 1515 2471 desido-

461 2510 552 2586 rasti,
583 2508 654 2595 ipso
684 2508 843 2595 largiente
872 2506 1052 2595 percepist'.
1110 2507 1278 2574 Memento
1307 2512 1347 2573 ut
1376 2509 1514 2575 tertium

463 2612 552 2697 quod
573 2611 759 2697 promisisti,
783 2596 895 2676 faeere
922 2633 990 2676 non
1024 2608 1164 2691 differes,
1188 2610 1392 2696 suscipiendo
1414 2610 1513 2675 fidem

462 2714 592 2779 simet
621 2717 786 2800 praecepte
815 2712 985 2793 servando,
1013 2712 1071 2798 qui
1101 2718 1135 2778 te
1165 2718 1200 2779 et
1229 2735 1251 2779 s
1279 2713 1514 2799 temporalibus

462 2816 608 2881 advorsis
642 2816 791 2903 eripiens,
814 2815 1005 2904 temporalis
1037 2815 1132 2903 regni
1154 2814 1277 2881 honore
1310 2814 1511 2895 sublimavit,

461 2919 539 2986 etsi
555 2921 705 3006 deinceps
719 2920 885 2985 voluntati
906 2921 983 2998 eius,
1000 2941 1100 3004 quam
1119 2941 1178 3006 per
1197 2939 1250 2983 me
1263 2917 1328 2985 tibi
1347 2919 1512 3006 praedicnt,

461 3021 682 3088 obsecundare
730 3021 882 3100 volueris,
922 3021 1024 3086 etism
1072 3043 1093 3087 s
1141 3020 1306 3108 perpetuis
1351 3021 1513 3088 mulorum

461 3127 635 3191 tormentis
671 3131 708 3190 te
744 3125 895 3200 liberans,
934 3123 1051 3190 aeterni
1087 3145 1196 3189 secum
1233 3123 1326 3210 regni
1356 3123 1391 3190 in
1422 3125 1513 3191 coelis

461 3229 560 3294 faciet
581 3249 650 3293 esse
671 3227 889 3315 participem?

297 3335 395 3390 Redit
410 3345 447 3395 rs.
508 3330 636 3410 Quibus
658 3329 789 3407 auditis,
812 3351 872 3394 rex
894 3328 1054 3415 suscipere
1077 3327 1210 3414 quidem
1233 3347 1268 3394 se
1290 3328 1390 3394 fidem
1412 3351 1511 3416 qusm

462 3433 607 3510 docebat,
629 3438 664 3496 et
685 3433 770 3497 velle
793 3437 828 3496 et
850 3429 969 3496 debers
993 3429 1218 3517 respondebat.
1263 3429 1386 3496 Verum
1407 3431 1513 3498 adhuc

463 3555 538 3598 oum
560 3534 672 3599 amicis
694 3532 931 3622 principalibus
946 3539 980 3599 et
995 3533 1186 3598 consiliariis
1210 3531 1277 3598 suis
1299 3553 1369 3598 sese
1391 3534 1432 3599 de
1452 3534 1513 3600 hoo

462 3635 657 3701 collaturum
688 3657 757 3702 esse
781 3636 919 3711 dicebat,
946 3639 985 3700 ut
1015 3635 1043 3700 si
1072 3641 1107 3700 et
1136 3635 1186 3700 illi
1212 3634 1325 3700 eadem
1357 3657 1431 3700 cum
1453 3635 1511 3703 illo

462 3739 582 3805 sentire
607 3740 741 3820 vellent,
769 3759 882 3805 omnes
908 3739 1029 3824 pariter
1059 3738 1096 3802 in
1122 3737 1214 3803 fonte
1245 3738 1325 3804 vitae
1351 3759 1512 3805 consecro

292 3828 451 3960 ww
462 3848 583 3909 rentur.
631 3843 677 3908 Et
698 3845 864 3908 annuente
888 3841 1035 3918 Paulino,
1053 3840 1131 3907 fecit
1144 3849 1184 3906 ut
1198 3839 1338 3907 dixerat.
1385 3841 1512 3908 Habito

292 3964 408 4016 embraoe
461 3948 646 4013 enimcum
668 3944 872 4033 sapientibus
896 3943 1037 4020 oonsilio,
1069 3943 1296 4008 sciscitabatur
1317 3943 1512 4030 singillatim

291 4029 433 4149 ffiffi'
461 4051 503 4116 ab
534 4049 694 4126 omnibus,
722 4047 828 4134 qualis
862 4047 926 4111 sibi
957 4046 1106 4112 dootn'ns
1135 4051 1272 4111 eatenus
1302 4047 1453 4113 inaudito
1477 4054 1512 4115 et

461 4175 568 4219 novus
591 4150 790 4217 Divinitstis
812 4150 870 4236 qui
893 4149 1135 4236 praedicabatur
1160 4149 1266 4214 cultus
1288 4149 1464 4216 videretur.

291 4267 433 4320 Aonoeor
507 4253 571 4320 Oui
615 4255 740 4339 primus
776 4253 970 4340 pontificum
1007 4251 1109 4338 ipsius
1148 4249 1229 4318 Oeffi
1269 4253 1424 4318 continuo
1461 4275 1512 4319 re-

291 4333 445 4467 ffl’p‘rlgt·
458 4356 613 4443 spondit:
655 4357 739 4420 “Tu
768 4357 854 4432 vide,
884 4377 952 4430 rex,
985 4355 1083 4440 quale
1112 4353 1156 4419 sit
1186 4353 1255 4431 hoc,
1286 4357 1376 4439 quod
1413 4357 1510 4422 modo

457 4458 553 4523 nobis
589 4456 806 4543 praedicetur:
852 4479 913 4543 ego
951 4463 1063 4521 autem
1102 4456 1166 4522 tibi
1203 4457 1381 4534 verissime,
1422 4460 1511 4543 quod

457 4566 582 4626 certum
598 4558 705 4636 didici,
721 4559 884 4646 profiteor,
901 4561 980 4646 quio
994 4559 1227 4626 nihilomnino
1243 4560 1378 4624 virtutis
1399 4559 1509 4638 habet,

457 4663 542 4727 nihil
563 4661 720 4728 utilitatis
751 4661 865 4748 religio
898 4662 956 4726 ills
990 4684 1090 4747 quem
1122 4660 1289 4747 bucusque
1319 4661 1507 4729 tenuimus:

458 4766 569 4832 nullus
604 4765 693 4832 enim
730 4769 865 4830 tuorum
908 4763 1086 4832 studiosius
1128 4785 1229 4850 quom
1269 4786 1331 4852 ego
1370 4765 1507 4833 cutum
