3542 5800
502 859 544 932 22
764 870 829 926 ruo.
853 869 900 924 oa
921 871 1055 926 cruere.
1078 869 1167 924 eruc.
1190 869 1277 923 mer.

504 1063 701 1144 Kaerconau,
718 1065 805 1149 quod
831 1087 918 1130 nunc
941 1063 1171 1152 Cunicgeburh
1196 1064 1387 1151 appellatur,
1419 1062 1550 1150 petivit

502 1165 612 1232 Sciens
640 1189 717 1232 vero
747 1167 834 1252 quod
869 1189 965 1233 omne
1001 1170 1152 1232 tutamen
1182 1189 1279 1231 suum
1308 1168 1345 1230 in
1374 1166 1484 1252 gladio
1515 1171 1551 1230 et

500 1268 594 1334 hesta
622 1269 819 1349 consisteret,
850 1270 1005 1356 oppidum
1042 1269 1165 1334 intrare
1201 1269 1320 1351 noluit,
1351 1269 1430 1354 quia
1465 1267 1550 1332 illud

500 1369 644 1436 Aurelio
670 1371 817 1438 resistere
853 1391 1059 1458 nequaquam
1104 1371 1294 1437 aestimavit.
1356 1370 1550 1456 Insequitur

499 1495 575 1539 eum
611 1472 772 1554 Aurelius,
811 1479 844 1539 et
878 1495 1087 1560 quoscunque
1124 1474 1162 1538 in
1198 1474 1317 1539 itinere
1354 1473 1548 1559 reperiebat,

498 1570 676 1662 amputetis
714 1571 872 1662 capitibus
910 1574 953 1641 ud
989 1579 1129 1642 mortem
1167 1570 1356 1642 destinavit.
1418 1569 1550 1638 Potitus

498 1675 609 1764 itaque
635 1675 774 1743 victoria
797 1673 958 1757 Aurelius,
983 1675 1091 1744 Deum
1118 1674 1192 1744 oceli
1222 1701 1265 1744 ex
1294 1673 1413 1742 intimo
1443 1672 1550 1741 cordis

498 1777 617 1844 affectu
658 1777 861 1866 glorificavit,
901 1780 958 1867 qui
1002 1777 1065 1845 sibi
1110 1775 1151 1845 dc
1194 1777 1346 1847 hostibus
1391 1774 1549 1845 concessit

498 1875 707 1969 triumphare.

929 2129 1006 2196 OsP.
1030 2129 1121 2195 XVI.

332 2277 423 2402 ἔξω
500 2273 671 2362 Quomodo
708 2275 879 2343 Aurelius
917 2277 1130 2363 Heapristom
1162 2276 1243 2344 bello
1281 2276 1414 2344 uictum
1452 2278 1548 2364 cepit,

333 2361 436 2484 aiiii
543 2379 801 2465 a⁰·d00al²llffl’0
821 2379 994 2467 proecepit,
1022 2383 1053 2446 at
1078 2381 1245 2467 quomodo
1269 2379 1369 2447 Ocrie
1391 2381 1550 2448 euccewit

331 2485 486 2618 lffltess
543 2483 587 2548 irc
611 2482 780 2550 Cantium.

330 2647 467 2702 noar.
543 2633 726 2699 Auernos
741 2629 944 2698 Autonomos
966 2628 1119 2719 epistolae
1142 2652 1228 2700 anno
1252 2631 1370 2722 metire
1393 2635 1550 2722 quadris·

497 2735 676 2823 gentesimo
692 2735 884 2823 octogesimo
900 2757 986 2800 nono
1001 2735 1044 2801 ed
1067 2735 1236 2802 universos
1260 2737 1443 2804 Britanniae
1468 2737 1549 2804 fines

497 2833 647 2927 dirigens,
664 2831 817 2926 praecepit
831 2841 870 2904 ut
885 2857 1003 2917 omnes,
1028 2833 1086 2924 qui
1108 2843 1286 2926 potuerunt
1301 2863 1394 2907 arma
1407 2862 1548 2921 movere,

495 2940 538 3009 ad
553 2962 626 3009 eum
649 2936 841 3028 quantocius
863 2935 1082 3020 convenirent,
1106 2943 1141 3007 et
1163 2964 1306 3030 paganos
1328 2941 1549 3011 exterminare

329 3060 448 3117 Aurelius
496 3068 516 3112 a
541 3038 721 3112 Britcnniae
744 3036 864 3109 fluibus
888 3061 955 3108 non
986 3046 1154 3110 cessarent.
1201 3042 1415 3133 Congregctis
1444 3042 1549 3134 igitur

496 3142 1272 3318 ruluuuruzduuuu

327 3281 410 3383 Di?
499 3351 576 3420 Don
605 3270 803 3441 icppellotiirgl
815 3347 944 3418 aciebus
981 3348 1025 3417 ud
1053 3347 1175 3418 bellum
1213 3270 1382 3423 insitiuetis
1411 3272 1549 3420 invqenit.

500 3453 588 3538 Quid
599 3456 725 3521 multat
747 3454 1013 3521 ccucmreutibus
1021 3450 1098 3520 hino
1112 3452 1189 3521 inde
1203 3454 1344 3522 catervis
1358 3453 1549 3523 acen-imam

498 3568 641 3647 pugnam
656 3551 849 3635 commisere,
866 3577 1011 3623 cruorem
1034 3578 1100 3623 non
1123 3554 1296 3623 minimum
1319 3554 1548 3626 diffundentem

500 3662 655 3749 Dumque
678 3658 714 3725 in
737 3654 824 3726 hune
847 3660 982 3725 modum
1012 3654 1194 3725 diutissime
1225 3656 1450 3742 decertassent,
1478 3662 1549 3729 dux

328 3770 403 3828 Error
501 3757 762 3831 Claudioeestriae
783 3758 885 3841 Eldol,
912 3763 964 3827 cui
987 3758 1102 3827 ardens
1127 3757 1233 3827 inerat
1260 3760 1455 3831 desiderium
1473 3789 1549 3833 cum

327 3845 442 3979 ’ἐξῄει
500 3864 663 3955 Hengistc
678 3860 915 3953 congrediendi,
932 3886 1007 3929 cum
1021 3859 1180 3953 phalange
1195 3858 1249 3931 cui
1270 3873 1409 3953 praeerat
1430 3892 1549 3936 cuneos

498 3972 678 4058 penetrans,
704 3962 789 4055 cepit
814 3960 1015 4054 Hengistum
1033 3988 1091 4055 per
1105 3962 1214 4033 nasale
1234 3965 1374 4049 cassidis,
1398 3968 1550 4039 summis·

497 4093 560 4159 que
580 4078 677 4138 utens
700 4063 827 4136 viribus
857 4066 964 4157 ipsum
994 4068 1080 4135 infra
1109 4064 1256 4136 concives
1280 4089 1356 4139 suos
1378 4074 1548 4160 pertraxit

498 4179 515 4210 “
531 4166 737 4239 Desiderium
759 4168 898 4251 meum‚''
923 4166 1040 4260 inquit,
1066 4178 1084 4211 “
1098 4168 1194 4239 hodie
1226 4170 1419 4261 adimplevit
1450 4175 1549 4245 Deus

327 4282 415 4351 might
425 4284 455 4337 or
497 4268 643 4343 Victoria
666 4268 754 4341 enim
780 4270 873 4343 nobis
897 4275 933 4340 in
956 4294 1057 4342 manu
1080 4268 1157 4342 est.”
1202 4272 1417 4363 Diffirgerunt
1437 4272 1550 4366 itaque

326 4352 369 4403 ὼε
382 4352 485 4408 ³⁸¹⁰¹²⁸
498 4375 650 4458 Saxones,
675 4392 740 4465 quo
762 4372 903 4467 impetus
927 4400 1090 4465 quemque
1110 4372 1268 4444 ducebat:
1293 4402 1375 4465 quos
1394 4379 1551 4448 Aurelius

496 4472 669 4569 insequens
683 4474 824 4547 viriliter
845 4474 1031 4546 trucidavit.
1077 4478 1161 4545 Oeta
1182 4502 1259 4546 vero
1281 4478 1369 4548 filius
1392 4475 1550 4570 Hengisti

495 4602 569 4655 cum
596 4580 711 4651 maiori
734 4582 948 4650 multitudine
975 4583 1165 4662 Eboracum
1187 4584 1272 4649 Cosa
1294 4590 1406 4650 autem
1432 4586 1550 4652 urbem

495 4689 637 4756 Aldclud
651 4686 824 4774 petierunt.
864 4684 915 4751 Ut
930 4685 1033 4772 igitur
1047 4684 1268 4772 triumphavit
1283 4686 1446 4765 Aurelius,
1462 4690 1551 4775 oepit

493 4792 609 4862 urbem
635 4779 769 4867 Oonani
797 4794 831 4855 et
857 4786 979 4854 ibidem
1002 4788 1108 4855 uibus
1131 4787 1247 4855 diebus
1268 4796 1488 4857 montescot
