3542 5800
460 865 525 930 164
715 877 780 928 arc.
803 877 850 927 na
872 877 1008 926 oraruo.
1031 876 1117 926 susc.
1142 876 1228 926 rusr.

458 1053 642 1139 specialiter
667 1052 899 1139 possidendum
929 1051 1055 1139 elegil’'
1102 1052 1165 1118 Cui
1187 1051 1300 1117 statim
1323 1051 1509 1137 episcopus:

460 1164 478 1191 “
495 1154 583 1234 Quid
615 1154 785 1240 loqueris,’'
820 1155 938 1240 inquit,
965 1159 1073 1220 “rexi
1118 1155 1209 1219 Num
1240 1155 1305 1219 tibi
1335 1154 1438 1218 carior
1459 1155 1510 1216 est

458 1257 514 1323 ille
536 1257 624 1322 filius
653 1279 755 1342 equae,
778 1279 878 1342 quam
901 1257 957 1323 ille
988 1258 1079 1340 filius
1099 1256 1208 1344 Deil¹³
1255 1256 1384 1336 Quibus
1413 1254 1509 1318 dictis

457 1359 628 1425 intrabant
656 1361 700 1424 ad
728 1360 961 1446 prandendum
1009 1360 1055 1425 Et
1087 1360 1254 1446 episcopus
1277 1359 1410 1444 quidem
1432 1356 1510 1420 resi-

458 1461 558 1526 debat
588 1461 624 1526 in
654 1483 713 1526 suo
747 1463 823 1527 loco.
870 1462 972 1528 Porro
1003 1483 1062 1526 rex
1087 1465 1222 1526 venerat
1255 1461 1295 1526 de
1318 1463 1449 1534 venatu,
1474 1462 1508 1522 et

457 1563 557 1649 ooepit
586 1563 765 1628 consistens
795 1564 838 1628 ad
861 1564 968 1629 focum
998 1563 1137 1629 calefieri
1168 1585 1243 1628 cum
1272 1561 1450 1626 ministris:
1475 1565 1509 1624 et

456 1671 589 1752 repente
625 1666 713 1731 inter
749 1667 1001 1731 calefaciendum
1039 1665 1210 1730 recordans
1248 1664 1386 1730 verbum
1421 1663 1508 1749 quod

457 1770 588 1836 dixerat
618 1768 667 1834 illi
698 1769 845 1847 antistes,
870 1769 1028 1833 discinxit
1051 1791 1085 1834 se
1115 1757 1236 1854 gladio¹
1259 1789 1325 1845 suc,
1352 1772 1386 1832 et
1417 1766 1508 1830 dedit

457 1871 552 1936 illum
582 1872 742 1949 ministre,
774 1870 976 1956 festinusque
1011 1870 1165 1949 accedens
1197 1874 1275 1934 unte
1307 1869 1404 1954 pedes
1426 1868 1508 1953 epis-

456 1976 529 2062 copi
562 1975 692 2050 eorurit,
724 1973 894 2060 postulans
927 1978 965 2038 ut
997 1973 1062 2038 sibi
1095 1972 1241 2059 placatus
1274 1976 1366 2050 esset,
1392 1977 1410 2006 “
1423 1970 1508 2050 Quia

456 2075 654 2162 nunquam,’'
668 2076 787 2162 inquit,
816 2075 997 2162 “deinceps
1020 2075 1145 2161 aliquid
1167 2075 1282 2160 loquar
1304 2074 1344 2138 de
1365 2074 1427 2138 hoc
1449 2077 1508 2137 aut

456 2179 607 2244 iudicabo
630 2180 709 2265 quid
729 2178 783 2243 vel
805 2181 967 2263 quantum
990 2178 1029 2242 de
1052 2179 1190 2262 pecunia
1210 2181 1325 2252 nostra
1346 2175 1423 2239 filiis
1444 2174 1507 2239 Dei

455 2279 610 2345 tribuas.'’
649 2279 746 2359 Quod
767 2279 884 2344 videns
907 2278 1081 2366 episcopus,
1105 2279 1247 2343 multum
1271 2278 1449 2364 pertimuit,
1470 2299 1508 2342 ec

455 2383 569 2447 statim
592 2380 784 2468 exsurgens¹
809 2382 935 2446 levavit
961 2404 1044 2461 eum,
1069 2373 1264 2467 promittens
1298 2402 1333 2445 se
1366 2380 1507 2445 multum

456 2483 505 2546 illi
537 2505 605 2548 esse
638 2483 812 2570 placatum,
848 2483 1025 2548 dummodo
1057 2483 1113 2547 ille
1144 2482 1289 2548 residens
1320 2483 1363 2546 sd
1396 2482 1507 2568 epulas

455 2586 627 2652 tristitiam
660 2585 844 2671 deponeret.
892 2585 1041 2670 Cumque
1070 2607 1130 2650 rex
1159 2583 1293 2650 iubente
1327 2607 1365 2650 ac
1397 2589 1509 2670 postu-

454 2689 544 2754 lante
566 2689 714 2775 episcopo
734 2687 885 2753 laetitiam
908 2688 1072 2772 reciperet,
1095 2687 1214 2774 eoepit²
1247 2693 1402 2753 econtra
1428 2688 1509 2774 epis

454 2812 554 2877 copus
583 2789 710 2856 tristis³
732 2812 836 2877 usque
858 2791 902 2854 ad
931 2789 1139 2862 lacrimarum
1169 2790 1388 2876 profusionem
1418 2789 1507 2855 effici.

456 2893 561 2974 Quem
585 2894 664 2959 dum
686 2893 859 2980 presbyter
889 2915 966 2957 suus
996 2892 1109 2979 lingua
1130 2895 1247 2979 patria,
1271 2916 1369 2979 quam
1392 2915 1451 2958 rex
1474 2901 1508 2959 et

455 2996 625 3061 domestici
649 2996 719 3061 eius
750 3017 817 3060 non
843 3000 1017 3071 noverant,¹
1038 3016 1137 3079 quare
1163 2995 1387 3061 lacrimaretur
1409 2996 1507 3059 inter-

454 3103 607 3185 rogasset,
651 3098 701 3161 ait
742 3096 929 3183 episcopus:
971 3096 1101 3173 “Scia'’
1137 3097 1255 3182 inquit,
1296 3099 1401 3183 “quia
1443 3119 1507 3161 nou

457 3200 562 3265 multo
596 3204 743 3285 tempore
765 3199 912 3263 victurus
935 3202 985 3263 est
1006 3220 1085 3263 rex:
1117 3220 1287 3283 nunquam
1310 3200 1397 3264 enim
1432 3206 1509 3264 ante

458 3300 526 3367 hsce
559 3301 630 3367 vidi
668 3300 825 3365 humilem
855 3322 973 3387 regem.
1020 3300 1119 3365 Unde
1151 3302 1378 3368 animadverto
1415 3303 1509 3367 illum

458 3404 555 3467 citius
600 3424 642 3467 ex
687 3402 749 3467 hac
785 3403 858 3467 vita
904 3403 1117 3489 rapiendum:
1164 3425 1230 3469 non
1276 3406 1363 3470 enim
1409 3406 1511 3491 digna

459 3509 510 3569 est
545 3503 615 3568 haec
651 3524 730 3589 gens
767 3504 868 3568 talem
907 3504 1026 3569 habero
1064 3506 1249 3571 rectorem.'’
1297 3506 1368 3573 Nec
1404 3508 1510 3573 multo

458 3611 533 3693 post
563 3605 635 3669 dira
672 3606 831 3670 antistitis
872 3607 1030 3692 praesagia
1067 3607 1155 3672 tristi
1189 3608 1274 3695 regis
1311 3608 1433 3688 funere,
1469 3610 1509 3675 de

459 3730 523 3795 quo
545 3729 643 3793 supra
664 3707 817 3786 diximus,
841 3708 978 3795 impleta
999 3714 1082 3773 sunt

290 3820 416 3874 Dauos
504 3810 628 3877 Sedet
664 3810 732 3897 ipse
761 3810 900 3875 antistes
927 3810 1077 3875 Aidanus
1103 3832 1170 3876 non
1200 3813 1273 3899 plus
1300 3836 1399 3899 quam
1429 3814 1509 3880 duo-

290 3890 384 3940 Aidan.

289 3955 358 4023 Aug.
371 3962 413 4021 31,
460 3915 564 3981 decim
590 3917 666 4000 post
695 3912 887 3979 occisionem
917 3914 1003 3999 regis
1026 3935 1123 3998 quem
1146 3914 1279 3979 amabat
1309 3916 1376 3981 dies
1400 3937 1512 4003 supar-

289 4021 427 4076 aneor.
458 4017 545 4098 fuit3
582 4016 619 4082 id
649 4020 708 4093 est,
749 4015 854 4102 pridie
887 4014 1046 4080 kalendas
1080 4016 1281 4103 Septembris
1319 4018 1360 4083 de
1393 4020 1512 4085 saeculo

457 4120 614 4198 sublatus,
645 4123 804 4205 perpetua
832 4116 983 4183 laborum
1013 4140 1145 4183 suorum
1168 4141 1188 4183 a
1211 4119 1353 4186 Domino
1375 4122 1513 4207 praemia

456 4223 585 4308 recepit.

757 4424 947 4432 ss-..n-n.
959 4427 1011 4432 ...—.
1035 4426 1417 4435 .-—--——---·—-—.--.-.
1446 4429 1501 4437 ,-

492 4560 500 4591 ¹
517 4555 659 4623 usurpans]
678 4571 811 4621 exurgens,
821 4558 876 4609 MS.
1044 4560 1053 4589 ¹
1066 4558 1155 4625 tristis]
1169 4559 1258 4619 tristes,
1271 4560 1326 4611 MS.

492 4639 503 4669 ²
513 4636 597 4701 cupit]
611 4635 711 4699 recepit,
723 4636 795 4693 MS.;
806 4638 889 4701 cupit,
900 4638 960 4687 Bal.
