3542 5800
511 930 557 978 na
587 931 701 978 onsms
732 929 853 978 necuit
881 915 1141 978 assa,-1r.2l.
1284 913 1343 976 105

296 1113 390 1190 sulas,
415 1112 502 1179 sieut
525 1119 560 1178 et
581 1111 681 1199 supra
704 1109 881 1188 docuimus,
907 1112 1045 1200 imperio
1066 1111 1258 1199 subiugavit
1277 1109 1347 1175 An·
1360 1117 1448 1196 §uum
1457 1119 1514 1170 Lib.

297 1216 446 1302 glorum:
482 1213 632 1301 quarum¹
665 1215 755 1302 prior
785 1237 859 1301 quae
882 1216 926 1280 ad
952 1221 1100 1281 austrum
1130 1221 1181 1281 est
1214 1219 1249 1280 et
1277 1213 1346 1279 situ
1359 1199 1419 1236 ²¹¹⁰·
1432 1191 1472 1237 ω

297 1316 443 1404 amplior,
473 1321 508 1383 et
537 1317 670 1402 frugum
699 1323 864 1404 proventu
894 1322 994 1404 atque
1030 1319 1183 1384 ubertate
1213 1315 1344 1393 felicior,

296 1425 536 1507 nongentarum
572 1419 745 1506 sexaginta
780 1418 980 1485 familiarum
1017 1440 1212 1496 mensuram,
1250 1419 1347 1485 iuxta

296 1518 550 1588 estimationem
575 1520 780 1608 Anglorum3
803 1521 946 1587 secunda
962 1528 1183 1588 trecentarum
1205 1527 1241 1588 et
1258 1521 1347 1586 ultra

298 1625 440 1710 spatium
462 1629 564 1690 tenet.

344 1726 433 1791 Huic
455 1731 567 1791 autem
589 1726 682 1813 genti
704 1726 827 1791 occasio
850 1725 916 1791 fuit
929 1723 1145 1813 percipienda
1159 1727 1244 1803 fidei,
1260 1727 1349 1811 quod
1361 1739 1477 1794 necue

298 1829 454 1916 paefatus
488 1849 549 1893 rex
578 1828 771 1914 cognatione
801 1827 933 1892 iunctus
962 1834 1013 1893 est
1042 1829 1175 1915 regibus
1204 1808 1448 1940 Cantus-Q

298 1932 429 2006 riorum,
461 1935 594 2017 accepta
619 1931 654 1994 in
684 1931 855 2015 coniugem
885 1929 1104 2017 AEthelburga
1132 1930 1202 1995 filia
1224 1929 1351 1993 AEthel·

299 2033 385 2098 berti
414 2033 507 2119 regis,
536 2053 610 2118 quae
640 2032 704 2096 alio
735 2032 868 2097 nomine
895 2031 980 2096 Tata
1005 2032 1192 2098 vocabatur.
1239 2031 1350 2096 Huius

299 2135 497 2200 consortium
524 2155 600 2200 cum
623 2133 729 2220 primo
753 2133 822 2220 ipse
846 2133 953 2198 missis
976 2135 1081 2220 procis
1103 2158 1125 2200 a
1146 2133 1261 2200 fratre2
1280 2133 1350 2199 eius

300 2236 457 2313 Edbcldo,
474 2236 533 2322 qui
547 2239 628 2300 tunc
642 2256 743 2321 regno
760 2234 1016 2300 Osntuariorum
1038 2240 1185 2322 preerat,
1201 2242 1347 2322 peteret:

299 2359 487 2425 responsum
502 2343 561 2413 est,
588 2336 701 2402 “Non
724 2343 775 2401 est
796 2337 925 2401 licitum
942 2337 1164 2404 Christianam
1187 2339 1349 2425 virginem

300 2461 427 2528 pagano
449 2441 486 2504 in
517 2438 687 2524 coniugem
711 2438 796 2516 dare,
821 2459 862 2502 ne
884 2439 965 2504 fides
995 2445 1031 2504 et
1052 2445 1256 2506 sacramenta
1285 2461 1350 2506 coe·

298 2541 390 2607 lestis
415 2539 515 2627 Regis
541 2539 703 2606 consortio
728 2538 980 2629 profanarentur
1005 2542 1092 2629 regis
1118 2544 1176 2629 qui
1190 2544 1262 2608 veri
1285 2539 1350 2607 Dei

298 2643 406 2708 cultus
444 2647 529 2706 esset
573 2661 704 2727 prorsus
751 2640 912 2727 ignarus.''
974 2643 1056 2723 Quae
1095 2665 1170 2709 cum
1209 2643 1350 2709 Edwino

298 2743 401 2811 verba
418 2744 531 2809 nuntii
550 2743 717 2819 referrent,
734 2743 885 2829 promisit
899 2767 934 2810 se
956 2745 1041 2809 nihil
1056 2745 1253 2812 omnimodis
1275 2769 1351 2812 con·

299 2833 438 2913 trarium
464 2845 659 2913 Ulnistianae
682 2844 768 2923 fidei,
791 2866 891 2932 quam
915 2847 1009 2934 virgo
1035 2849 1169 2925 colebat,
1195 2871 1265 2915 esse
1287 2850 1352 2914 fac·

300 2956 432 3016 turum:
458 2949 541 3035 quin
563 2948 673 3035 potius
702 2948 936 3034 permissurum
966 2955 1007 3015 ut
1034 2949 1134 3016 fidem
1160 2952 1352 3036 cultumque

299 3074 367 3119 suae
393 3050 560 3139 religionis
583 3071 657 3115 cum
682 3050 834 3115 omuibus
858 3050 918 3136 qui
941 3072 1051 3115 secum
1071 3052 1246 3129 venissent,
1271 3053 1352 3118 viris

300 3155 369 3220 sive
398 3152 537 3229 feminis,
568 3152 790 3217 sacerdotibus
828 3172 886 3217 eeu
923 3150 1090 3229 ministris,
1120 3174 1211 3218 more
1243 3154 1353 3220 Chris-

300 3256 391 3321 tiano
406 3257 559 3319 servaret.
605 3252 722 3338 Neque
745 3252 926 3339 abnegavit
940 3274 975 3318 se
989 3253 1091 3319 etiam
1112 3256 1250 3321 eandem
1264 3255 1353 3321 subi-

301 3364 413 3423 turum
436 3376 505 3421 esse
531 3353 742 3440 religionem
768 3354 799 3419 si
822 3360 935 3419 tamen
955 3356 1145 3422 examinata
1167 3378 1189 3422 a
1213 3358 1353 3445 pruden-

301 3459 391 3525 tibus
417 3456 560 3523 sanctior
581 3477 620 3519 ac
643 3454 715 3521 Deo
738 3456 869 3543 dignior
891 3463 1001 3543 posset
1022 3458 1172 3527 inveniri.

347 3560 466 3645 Itaque
492 3556 700 3644 promittitur
725 3557 828 3644 virgo,
850 3562 951 3644 atque
974 3558 1114 3627 Edwino
1138 3562 1292 3643 mittitur,
1318 3570 1354 3631 et
1367 3577 1516 3629 trisulcum

301 3664 398 3728 iura
422 3660 512 3747 quoe
533 3660 727 3746 asperum
749 3660 873 3725 niveo
892 3662 1026 3728 emmo
1041 3663 1158 3744 uerae,
1181 3644 1492 3733 crememfflffiffi

302 3766 469 3852 episcopus
487 3761 540 3825 vir
564 3760 636 3826 Deo
660 3760 799 3826 dilectus
824 3762 991 3840 Paulinus,
1013 3766 1167 3851 quicum
1190 3766 1248 3833 illa
1262 3769 1354 3834 veni·

301 3873 362 3947 ret,
401 3886 537 3949 eamque
572 3868 606 3927 et
640 3863 774 3928 comites
803 3864 881 3941 eius,
919 3888 961 3930 ne
992 3888 1193 3953 paganorum
1222 3874 1355 3957 possent

303 3968 456 4034 societate
476 3964 587 4053 pollui,
606 3964 769 4029 cotidiana
785 3966 1015 4033 exhortatione
1030 3972 1065 4034 et
1078 3976 1354 4037 sacramentomm

303 4069 486 4136 coelestium
510 4066 727 4132 celebratione
750 4068 965 4135 confirmaret.

349 4172 528 4237 Ordinatus
562 4172 612 4235 est
646 4174 757 4235 autem
795 4169 954 4237 Paulinus
991 4172 1160 4259 episeopus
1195 4197 1217 4239 a
1253 4176 1514 4246 Justofliscome·

303 4274 543 4359 archiepiscopo
582 4270 643 4336 sub
674 4271 728 4336 die
759 4271 950 4337 duodecimo
980 4272 1195 4341 kalendarum
1222 4278 1353 4367 Augus·
1366 4258 1471 4376 3Ὲὶοᾓ

304 4382 422 4453 tarum,
438 4394 524 4438 anno
540 4372 582 4437 ab
604 4372 828 4438 incarnatione
851 4372 989 4439 Domini
1010 4379 1245 4446 sexcentesimo
1268 4383 1354 4447 vice-
1366 4392 1400 4441 Δ.
1428 4364 1503 4445 ‚cab

303 4478 384 4543 simo
415 4476 554 4563 quinto:
594 4478 628 4539 et
658 4474 704 4539 sic
734 4495 808 4538 cum
839 4475 976 4561 praefata
1005 4478 1135 4566 virgine
1165 4482 1208 4547 ad
1244 4506 1354 4571 regem

340 4808 473 4875 ‘quornm
492 4824 606 4873 quorum,
618 4808 676 4861 MS.
856 4808 860 4876 Ι
892 4812 902 4841 ²
905 4812 1005 4878 stoue]
1021 4820 1099 4877 patre,
1108 4816 1164 4867 MS.
1185 4817 1355 4871 ButseeBod.
