3542 5800
476 861 539 924 112
729 876 792 924 rue.
825 877 871 925 nu
900 876 1033 924 ornans.
1064 874 1152 922 sess.
1183 875 1269 922 nrsr.

474 1057 583 1144 guinis
614 1059 665 1124 sui
693 1057 851 1124 effmioue
884 1079 905 1122 a
936 1058 1078 1124 vinculis
1115 1057 1286 1122 diabolioe
1321 1055 1534 1142 captivitatis

474 1161 603 1248 eripuit,
638 1161 753 1226 multae
791 1159 1009 1246 providentiae
1047 1160 1167 1246 quibus
1200 1160 1386 1224 salvaretur
1420 1159 1535 1244 propi·

473 1263 570 1328 navit
583 1263 747 1342 remedia3
770 1262 927 1346 quatinus
947 1263 999 1326 sui
1021 1262 1165 1327 nominis
1180 1261 1385 1348 agnitionem
1399 1261 1534 1324 diverso

473 1365 571 1430 modo
600 1365 755 1452 gentibus
784 1363 1000 1442 innotesoens,
1032 1364 1223 1430 Creatorem
1252 1385 1350 1428 snum
1379 1367 1534 1447 suscepto

475 1465 671 1532 Oluistianae
685 1466 763 1532 fidei
778 1469 992 1552 agnoscerent
1005 1471 1217 1532 sacramento.
1264 1465 1362 1545 Quod
1376 1464 1532 1550 equidem

473 1567 509 1632 in
543 1573 662 1634 vestra
700 1567 814 1654 gloriae
851 1566 1001 1632 sensibus
1039 1567 1164 1633 eoelesti
1200 1567 1357 1632 oollatum
1393 1585 1533 1630 munere

474 1671 614 1756 mystioa
639 1669 896 1757 regenerationis
919 1674 1040 1734 vestrae
1066 1669 1218 1756 purgatio
1241 1673 1395 1755 patenter
1408 1667 1532 1732 innuit

474 1769 597 1858 Magno
617 1793 695 1858 ergo
720 1771 885 1858 largitatis
913 1770 1096 1836 Dominioae
1120 1771 1278 1836 beneficio
1303 1792 1396 1834 mens
1414 1774 1533 1834 nostra

474 1873 594 1960 gaudio
621 1873 797 1951 exultavit,
820 1872 909 1959 quod
934 1873 1110 1938 scintillam
1139 1871 1331 1938 orthodoxae
1360 1871 1532 1957 religionis

474 1975 511 2040 in
535 1975 637 2042 vestri
663 1975 818 2062 dignatus
845 1979 896 2038 est
921 1974 1133 2040 conversione
1155 1973 1368 2053 suooendere;
1395 1993 1436 2038 ex
1461 1993 1531 2056 qua

474 2097 508 2142 re
524 2099 592 2142 non
607 2077 712 2144 solum
727 2076 861 2164 gloriosi
876 2075 1026 2162 eomugis
1040 2076 1153 2152 vestri,
1176 2076 1279 2140 immo
1293 2075 1397 2140 totins
1419 2075 1532 2160 gentis

474 2178 652 2265 subpositae
682 2178 777 2246 vobis
809 2177 1066 2264 intelligentiam
1096 2179 1132 2242 in
1168 2199 1280 2242 amore
1312 2178 1364 2242 sui
1399 2176 1531 2241 mollius

474 2279 703 2344 inflammaret.

521 2388 538 2416 ‘⁸
554 2380 739 2445 Didicimus
781 2402 923 2465 namque
954 2381 1171 2448 referentibus
1201 2381 1260 2458 his,
1299 2381 1357 2467 qui
1393 2381 1438 2446 ad
1468 2403 1529 2445 nos

474 2481 607 2568 gloriosi
638 2483 700 2548 filii
729 2483 836 2548 nostri
871 2483 1014 2549 Edbaldi
1048 2485 1135 2571 regis
1164 2483 1363 2549 laudabilem
1392 2503 1529 2548 eonver-

476 2585 600 2650 sionem
638 2585 832 2650 nuntiantes
877 2592 1106 2671 pervenenmt,
1152 2587 1242 2671 quod
1278 2586 1379 2650 etiam
1416 2589 1530 2650 vestra

473 2686 586 2774 gloria,
620 2685 816 2752 Christianae
846 2687 925 2753 fidei
955 2693 1105 2775 suseepto
1136 2688 1282 2754 mirabili
1314 2693 1526 2764 sacramento,

474 2788 538 2875 piis
577 2794 611 2854 et
645 2789 717 2854 Deo
756 2789 884 2875 placitis
924 2789 1049 2876 iugiter
1090 2791 1242 2877 operibus
1275 2791 1441 2866 enitescat,
1483 2791 1526 2855 ab

473 2891 635 2959 idolorum
669 2891 771 2959 etiam
794 2891 887 2957 cultu
908 2914 966 2957 seu
985 2891 1136 2958 fanorum
1158 2893 1435 2981 auguriorumque
1456 2893 1527 2959 ille-

474 2995 578 3061 cebris
593 3018 628 3061 se
644 2996 819 3083 diligenter
844 2993 1018 3073 abstineat,
1038 2994 1098 3060 ut¹
1126 2997 1175 3060 ita
1189 2997 1226 3060 in
1240 3018 1350 3062 amore
1365 2995 1527 3083 Redemp

474 3098 556 3165 toris
580 3100 633 3165 sui
659 3098 862 3164 immutilata
892 3096 1067 3163 devotione
1098 3098 1272 3185 persistens
1298 3098 1461 3184 invigilet,
1487 3103 1527 3163 ut

474 3200 516 3265 ad
554 3201 756 3267 dibmndam
795 3200 1021 3266 Christianam
1053 3200 1153 3265 fidem
1189 3200 1427 3265 inoessabiliter
1459 3222 1525 3265 non

475 3301 613 3368 desistat
639 3301 754 3390 opera²
779 3301 1007 3368 commodare:
1048 3322 1186 3388 eumque
1213 3304 1253 3367 de
1283 3302 1423 3389 glorioso
1452 3324 1526 3367 eon-

474 3402 549 3487 iuge
580 3408 690 3469 vestro
720 3409 860 3490 paterna
890 3403 1010 3470 naritus
1041 3404 1180 3469 sollicite
1210 3403 1429 3490 perquisisset,
1453 3426 1526 3491 oog·

474 3504 627 3569 novimus
654 3506 743 3591 quod
769 3510 904 3571 eatenus
930 3505 1158 3571 abominandis
1185 3506 1280 3571 idolis
1307 3508 1460 3584 serviens,
1484 3507 1526 3571 ad

476 3606 716 3692 suscipiendam
738 3627 852 3673 vocem
876 3607 1129 3695 praedicatorum
1154 3629 1247 3673 suam
1270 3608 1437 3673 distulerit
1454 3609 1528 3673 obe·

477 3707 637 3773 dientiam
675 3708 839 3774 exhibere.
899 3709 974 3790 Qua
1011 3732 1054 3775 ex
1091 3732 1127 3775 re
1163 3732 1231 3775 non
1268 3711 1397 3775 modiea
1433 3711 1528 3776 nobis

476 3810 664 3877 amaritudo
679 3817 834 3899 congesta
848 3818 907 3889 est,
932 3811 975 3876 ab
997 3834 1036 3877 eo
1058 3813 1145 3898 quod
1162 3834 1238 3900 pars
1261 3812 1403 3899 eorporis
1425 3814 1527 3878 vestri

474 3912 516 3979 ab
543 3914 712 4003 agnitione
736 3914 881 3980 Summae
906 3919 940 3979 et
955 3913 1144 3980 Indiuiduae
1170 3914 1347 3981 Trinitatis
1369 3915 1528 3981 remansit

475 4022 640 4085 extranea.
688 4016 789 4083 Unde
810 4014 958 4103 paternis
973 4014 1087 4081 officiis
1108 4022 1228 4083 vestrae
1250 4017 1400 4104 gloriosae
1416 4017 1527 4084 Chris·

475 4119 624 4187 tianitati
650 4127 797 4185 nostram
829 4118 1088 4183 admonitionem
1124 4140 1193 4184 non
1230 4118 1420 4185 distulimus
1453 4142 1528 4185 oon·

476 4218 666 4304 ferendam
700 4222 921 4298 adhortantes,
952 4221 1109 4306 quatinus
1140 4220 1274 4287 Divinae
1304 4221 1528 4307 inspirationis

475 4320 603 4386 imbuta
629 4322 782 4389 subsidiis
806 4325 994 4411 importune
1010 4329 1044 4388 et
1068 4328 1251 4411 opportrme
1273 4324 1438 4410 agendum
1459 4346 1526 4389 non

473 4422 623 4489 differas:
664 4428 703 4489 ut
733 4430 767 4488 et
797 4424 866 4511 ipse
905 4424 1089 4491 Salvatoris
1125 4424 1231 4490 nostri
1270 4425 1406 4491 Domini
1443 4425 1526 4492 Jesu

506 4778 513 4809 ¹
527 4776 566 4843 ut]
585 4782 618 4837 et,
630 4775 690 4827 Bed.
988 4775 994 4843 l
1058 4776 1167 4843 ’opnu]
1181 4792 1290 4842 operum,
1301 4777 1363 4829 Bed.
