3542 5800
436 883 484 932 na
504 884 623 934 enarre
644 884 767 935 aucun
788 883 973 933 suaa-11.
997 868 1048 935 39.
1205 870 1268 935 159

217 1071 339 1138 tarium
365 1071 511 1152 intrare3
545 1072 669 1159 hosque
692 1095 714 1137 a
739 1094 774 1138 sc
799 1071 1018 1159 interrogatos
1044 1072 1125 1157 quid
1145 1092 1270 1157 quara-

218 1182 302 1255 rent,
333 1181 394 1241 aut
428 1176 508 1262 quid
545 1176 594 1241 ibi
622 1175 755 1253 vellent,
786 1174 989 1261 respondisse
1019 1174 1107 1262 quod
1138 1174 1180 1241 ob
1209 1174 1271 1241 hoc

217 1278 298 1343 illuc
318 1278 452 1345 fuerant
473 1278 639 1358 destinati,
663 1283 704 1344 ut
729 1300 866 1343 aureum
888 1274 971 1343 illud
995 1278 1161 1345 numisma
1182 1279 1271 1365 quod

219 1403 258 1447 oc
281 1382 323 1447 de
348 1381 475 1447 Kantia
495 1386 643 1460 venerat,
665 1402 776 1447 secum
802 1384 1013 1447 assumerent
1061 1380 1138 1469 Ipsa
1160 1388 1271 1448 aulem

219 1490 325 1561 nocte,
351 1484 389 1549 in
414 1485 506 1551 cuius
529 1484 649 1551 ultima
674 1488 776 1571 parta,
802 1483 919 1561 idest,
945 1484 1122 1571 incipiente
1144 1506 1270 1561 aurora,

171 1658 174 1666 ,
220 1588 392 1673 praeoentm
412 1588 529 1653 mundi
550 1586 703 1653 tenebras
724 1585 896 1664 transiens,
918 1608 1092 1673 supernam
1115 1588 1273 1675 migravit

219 1691 264 1757 ad
292 1690 407 1771 lucem,
433 1690 532 1757 multi
562 1690 603 1755 de
632 1688 790 1755 fratribus
814 1688 959 1755 eiusdem
986 1691 1186 1767 monasterii,
1214 1692 1272 1777 qui

219 1794 293 1859 aliis
315 1799 412 1859 erant
432 1793 468 1859 in
483 1792 619 1871 cedibus,
634 1792 703 1859 iam
724 1792 897 1860 manifeste
919 1814 954 1857 se
976 1798 1152 1859 concentus
1174 1814 1273 1880 ange·

219 1898 327 1964 lorum
357 1895 568 1983 psallentium
598 1895 727 1969 audisse
752 1894 948 1973 referebant,
976 1895 1033 1961 aad
1063 1900 1098 1959 et
1127 1896 1272 1961 sonitum

218 1999 313 2084 quasi
343 2000 494 2085 plurimae
524 1998 750 2066 multitudinis
776 1998 1010 2064 monasterium
1037 1998 1270 2085 ingredientis:

219 2102 309 2170 unde
332 2124 411 2168 mox
434 2102 555 2188 agreeei
578 2100 747 2166 dinoscere
767 2100 848 2185 quid
870 2103 964 2179 esset,
989 2100 1145 2165 videnmt
1166 2102 1271 2167 lucem

219 2203 352 2269 coelitus
393 2203 545 2269 emissam
588 2202 689 2269 fuisse
725 2202 973 2288 permaximam,
1012 2224 1087 2288 quae
1126 2210 1272 2269 sanctam

220 2308 313 2371 illam
351 2308 504 2385 animam,
536 2306 642 2371 carnis
680 2306 822 2369 vinculis
851 2305 1043 2383 absolutam,
1077 2304 1120 2369 ed
1150 2312 1273 2373 aetcrna

217 2410 337 2495 patriae
375 2410 517 2475 coelestis
554 2409 676 2495 gaudia
707 2406 897 2473 deducebat.
954 2408 1094 2474 Addunt
1128 2415 1162 2475 et
1197 2410 1272 2491 alia,

220 2535 294 2597 quaa
318 2512 390 2598 ipsa
413 2517 509 2577 nocte
534 2511 571 2575 in
594 2510 793 2576 monasterio
817 2510 931 2575 eodem
957 2511 1119 2577 divinitus
1149 2512 1273 2577 fuerint

220 2622 353 2679 ostensa
382 2614 559 2705 miracula:
599 2613 656 2677 sed
685 2612 756 2679 haec
784 2633 845 2678 nos
874 2612 917 2677 ad
948 2612 1014 2677 alia
1046 2612 1271 2702 [tendentea]¹

220 2718 289 2783 suis
311 2739 445 2782 narrare
466 2716 698 2803 permittimus.
755 2713 929 2801 Sepultum
953 2722 1002 2781 eet
1025 2720 1135 2782 autem
1159 2740 1273 2805 corpus

221 2820 410 2885 venerabile
447 2819 586 2907 virginis
627 2823 662 2883 et
706 2838 834 2905 sponsae
872 2817 996 2883 Christi
1034 2821 1199 2906 praedictae
1237 2822 1273 2886 in

221 2924 355 2990 ecclesia
378 2923 469 2990 beati
492 2921 743 3010 protomartyris
768 2919 949 3008 Stephani:
982 2923 1171 3010 placuitque
1198 2931 1273 3011 poet

192 3110 195 3115 Ι
221 3027 309 3092 diem
348 3027 494 3104 tertium,
530 3029 571 3089 ut
603 3023 687 3110 lapis
719 3044 785 3108 quo
819 3031 1069 3090 monumentum
1102 3026 1274 3112 tegebatur

221 3134 438 3207 amoveretur,
464 3132 499 3194 et
524 3127 625 3192 altius
655 3126 726 3212 ipso
755 3125 792 3190 in
822 3125 893 3190 loco
920 3131 1148 3212 reponeretur:
1185 3131 1273 3216 quod

221 3232 300 3297 dum
332 3232 433 3308 fieret,
461 3235 565 3296 lantae
590 3227 772 3316 fragrantia
796 3227 973 3294 suavitatis
1003 3227 1046 3294 ab
1076 3230 1151 3296 imis
1182 3231 1273 3297 ebul-

220 3333 304 3411 livit,
339 3339 377 3398 ut
413 3333 539 3397 cunctis
568 3333 627 3416 qni
664 3330 819 3395 natabant
848 3330 1080 3398 fratribusac
1110 3334 1274 3401 sororibus

221 3437 316 3521 qnasi
339 3434 539 3522 opobalsami
562 3432 693 3498 cellaria
714 3455 782 3498 csse
803 3433 996 3500 viderentur
956 3441 1137 3522 ur.nperta

265 3538 334 3604 Sed
357 3543 393 3603 et
410 3535 656 3604 matertera
629 3556 708 3614 erus,
724 3535 765 3601 de
787 3557 853 3622 qua
874 3536 1028 3616 diximus,
1046 3539 1104 3606 AEt
1089 3540 1270 3630 thelbnrga,
1278 3545 1381 3634 mehu-

220 3649 255 3710 et
283 3643 357 3728 ipsa
386 3639 459 3705 Deo
488 3639 616 3718 dilecta,
646 3642 761 3724 perpet
763 3659 813 3704 uae
843 3639 1047 3755 virginitatis
1072 3645 1244 3730 gloriam
1235 3629 1403 3758 maurgina
1404 3691 1444 3729 or-

222 3767 345 3832 magna
367 3742 511 3858 corporis
534 3741 740 3806 continentia
765 3741 930 3808 servavit·
966 3765 1040 3829 quae
1066 3747 1159 3812 cuius
1188 3745 1399 3816 usetmmba

222 3848 367 3927 virtutis,
392 3845 497 3931 magis
520 3848 596 3931 post
619 3849 759 3908 mortem
785 3843 910 3910 deurit.
970 3845 1054 3912 Cum
1079 3849 1167 3914 enim
1190 3857 1274 3916 esset

224 3949 399 4028 abbatissa,
425 3946 527 4033 coepit
550 3945 657 4012 facere
680 3945 717 4010 in
743 3947 942 4012 monasterio
965 3969 1024 4014 auo
1051 3951 1216 4016 ecclesiam
1239 3953 1276 4016 in

223 4054 382 4120 honorem
412 4050 559 4116 omnium
597 4049 828 4134 apostolorum,
859 4050 895 4114 in
926 4071 992 4137 qua
1028 4073 1124 4116 auum
1162 4074 1277 4140 corpus

225 4156 355 4243 sepeliri
386 4152 547 4239 cupiebat
604 4150 670 4217 Sed
708 4174 782 4217 curn
820 4174 902 4239 opus
939 4153 1026 4219 idem
1059 4155 1102 4220 ad
1131 4156 1277 4222 medinm

225 4259 325 4326 ferme
355 4266 441 4324 esset
475 4255 680 4343 perductum,
710 4255 769 4320 illa
797 4275 839 4320 na
869 4255 930 4322 hoc
960 4256 1137 4341 perficeret,
1173 4265 1278 4328 morte

225 4367 390 4450 praerepta
415 4363 474 4437 eet,
500 4363 535 4424 et
563 4358 600 4421 in
624 4359 696 4444 ipso
720 4358 854 4424 eoelesia
883 4359 954 4424 loco
979 4359 1037 4424 ubi
1061 4360 1277 4444 desiderabat,
