3542 5800
505 891 552 941 uu
575 889 690 940 ousiis
713 889 835 940 neuun
856 889 1039 941 nucu-u.
1057 875 1107 940 54.
1261 875 1323 940 221

274 1082 343 1144 tere
366 1077 446 1155 ausi,
477 1099 557 1142 mox
586 1075 739 1143 omnibus
768 1077 940 1164 temptatis
964 1082 999 1142 et
1023 1077 1148 1142 viribus
1169 1075 1325 1142 iuvenum

274 1179 395 1259 effusis,
427 1201 502 1244 cum
532 1177 618 1244 nihil
646 1180 720 1245 Inar
746 1178 833 1265 regis
854 1178 942 1264 quod
965 1179 1107 1264 ignaviae
1132 1177 1326 1244 conduceret

273 1283 476 1369 reperissent,
501 1281 746 1369 dispendiomm
762 1303 896 1347 suorum
920 1281 1046 1348 iutuitu
1069 1281 1229 1346 deditioni
1252 1304 1327 1348 cou-

273 1385 408 1451 suluere.
472 1384 651 1472 Temptant
680 1384 808 1472 regium
832 1383 980 1450 animum
1010 1383 1207 1460 muneribus,
1239 1385 1327 1449 solli·

274 1489 379 1554 citant
410 1487 584 1573 promissis
640 1485 831 1552 Mercantur
864 1508 977 1572 pacem
1019 1487 1157 1574 triginta
1194 1487 1327 1552 milibus

275 1591 347 1655 auri
376 1590 509 1667 mancis,
541 1595 581 1656 ut
611 1589 719 1676 pretio
748 1589 895 1657 mollitus
920 1589 1044 1654 bellum
1067 1587 1230 1666 solveret,¹
1259 1611 1328 1654 me·

276 1693 355 1758 tallo
369 1692 573 1780 praestrictus
587 1693 735 1778 receptui
749 1697 887 1758 caneret
936 1691 1011 1772 Qua
1032 1689 1086 1756 ille
1109 1691 1247 1778 pecunia
1260 1713 1330 1758 sus-

276 1801 377 1880 cepta,
405 1794 517 1860 delicti
546 1795 690 1882 gratiam
714 1793 792 1860 fecit
821 1794 858 1859 in
888 1816 1026 1882 reguum
1056 1815 1212 1859 reversus
1258 1793 1329 1858 Nec

277 1898 381 1963 solum
397 1897 613 1976 cantuaritae,
628 1897 685 1962 sed
703 1901 738 1962 et
761 1896 947 1963 orientales
969 1896 1071 1982 Angli
1094 1895 1328 1961 hereditarium

278 2006 475 2087 exceperunt
505 2000 627 2076 odium,
660 1999 751 2064 omni
780 2000 954 2066 nobilitate
986 1999 1093 2085 primo
1123 1998 1224 2084 pulsa,
1255 2003 1330 2084 post

278 2105 378 2168 etism
408 2102 494 2168 bello
525 2103 604 2168 naa
662 2101 746 2168 Haec
777 2102 818 2168 de
854 2102 1044 2188 prseliorum
1074 2102 1144 2166 eius
1181 2122 1329 2168 successu

278 2206 365 2270 dictas
396 2207 530 2270 modum
560 2211 740 2292 agnoscant
769 2227 873 2270 suum.
936 2206 1091 2272 Ceterum
1121 2210 1264 2292 quantus
1294 2205 1329 2270 in

280 2307 342 2372 Dei
379 2309 476 2374 rebus
505 2309 614 2384 fuerit,
646 2308 767 2374 indicio
804 2315 883 2374 sunt
921 2309 1008 2394 leges
1045 2307 1088 2373 ad
1125 2307 1444 2394 conigendosluslas
1429 2345 1468 2381 ιιι

279 2431 383 2476 mores
421 2411 457 2475 iu
492 2411 652 2499 populum
689 2411 815 2487 latres
806 2433 843 2474 111
879 2411 999 2497 quibus
1036 2411 1151 2476 vivum
1190 2411 1233 2476 sd
1270 2411 1330 2476 hoe

279 2519 409 2600 tempus
438 2515 594 2600 puritatis
623 2536 691 2580 suae
714 2513 854 2580 resultat
883 2515 1070 2601 speculum:
1103 2514 1224 2580 indicio
1251 2519 1331 2580 sunt
1344 2529 1462 2579 Glisan-

279 2617 477 2681 mouasteria
498 2617 596 2702 regiis
618 2615 805 2704 sumptibus
824 2617 980 2682 nobiliter
1000 2617 1152 2693 excitata,
1169 2597 1377 2712 praecipueffi
1379 2598 1496 2729 ᾗζῗξω

280 2718 515 2798 Glnstoniense,
540 2720 662 2785 nostris
692 2741 821 2805 quoque
852 2719 1008 2785 diebus
999 2720 1146 2804 insigne3
1179 2720 1267 2805 quod
1297 2721 1405 2784 inhnn.

280 2821 422 2909 quodam
444 2822 583 2909 palustri
605 2843 733 2886 recessu
755 2823 947 2901 eonstnmt,
974 2827 1012 2886 ut
1033 2821 1155 2888 scilicet
1178 2844 1215 2886 eo
1240 2827 1331 2886 tena-
1343 2821 1465 2872 mssa

279 2926 348 2991 cius
370 2927 520 3013 supernis
539 2926 692 2991 monachi
705 2925 879 3004 inhiarent,
903 2947 969 3011 quo
991 2926 1183 3011 castigatius
1201 2930 1332 2991 terrena
1343 2888 1419 3005 wlff,
1412 2889 1478 2941 ’Μ’

280 3029 380 3094 oculis
416 3029 595 3095 haurirent
656 3029 809 3115 Denique
839 3034 875 3095 et
904 3028 1122 3115 privilegium
1154 3028 1243 3113 quod
1272 3020 1423 3151 proMllm
1424 3022 1476 3073 0⁸¹¹·

280 3132 432 3197 libertate
470 3133 741 3197 monasteriorum
778 3153 911 3198 suorum
950 3132 992 3195 ab
1033 3130 1210 3217 apostolico
1247 3152 1381 3216 papam
1344 3093 1490 3221 Μιιξῖἕῇ

280 3233 395 3321 Sergio
425 3235 597 3301 Aldelmus
627 3234 871 3321 impetraverat,
906 3234 1013 3299 libens
1049 3232 1266 3311 confirmavit,
1298 3238 1438 3309 etB'shop

280 3339 386 3402 multa
408 3337 471 3403 Dei
493 3338 663 3403 famulis
653 3337 757 3424 1psius
779 3336 925 3402 Aldelmi
950 3334 1087 3402 hortatu
1114 3336 1274 3417 contulit3
1298 3312 1454 3402 etnldelm.

171 3440 177 3450 ’
280 3442 324 3505 ad
360 3445 545 3506 extremum
583 3440 772 3527 episcopatu
809 3440 1007 3505 renitentem
1037 3438 1221 3518 honoravit,
1256 3439 1334 3505 licet

281 3544 348 3609 cita
385 3566 472 3608 mora
505 3544 695 3633 episcopatu
732 3543 840 3629 ipsum
878 3542 1070 3607 Aldelmum
1110 3542 1197 3608 infra
1233 3543 1332 3609 breve

281 3648 438 3733 temporis
452 3647 597 3731 spatium
619 3646 808 3733 privaverit
855 3644 922 3709 Vix
945 3646 1033 3710 euim
1055 3646 1150 3711 anuis
1174 3652 1332 3731 quattuor
1343 3657 1427 3709 Deru
1438 3656 1468 3707 of

281 3750 469 3836 episcopatu
493 3748 628 3814 functus
657 3749 802 3813 animam
825 3747 908 3813 ooelo
935 3748 1124 3815 turificavit
1182 3749 1332 3815 Fuerunt
1318 3724 1454 3853 tffidssffi

282 3853 339 3937 qui
369 3852 515 3917 dicerent
545 3873 621 3917 eum
650 3851 751 3917 fuisse
780 3850 866 3937 regis
893 3849 963 3917 Inse
988 3856 1143 3937 nepotem
1169 3873 1211 3915 ex
1243 3850 1333 3915 Ken-
1346 3855 1416 3921 700]

281 3956 372 4020 tenio
401 3954 524 4021 frume:
564 3955 622 4020 sed
658 3977 726 4019 non
763 3954 889 4040 placuit
927 3953 1022 4019 uobis
1059 3953 1120 4018 hoc
1158 3972 1216 4037 pro
1255 3974 1333 4017 vero

281 4079 431 4136 asserem,
459 4058 550 4143 quod
574 4058 680 4143 magis
710 4057 844 4123 videtur
881 4054 1029 4142 opinioni
1067 4054 1210 4119 blandiri
1243 4054 1334 4119 vola-

281 4160 363 4235 ticae,
394 4181 495 4246 quam
524 4158 702 4224 stabilitati
732 4159 906 4224 convenire
934 4155 1121 4235 historicam
1151 4158 1333 4242 praesertim

282 4284 354 4327 cum
377 4284 541 4348 nusquam
557 4262 606 4326 ab
628 4262 766 4348 antiquo
790 4262 947 4346 scriptum
970 4259 1159 4345 reperiatur,
1182 4263 1217 4325 et
1242 4260 1334 4326 chro-

281 4365 355 4429 nica
384 4365 494 4452 palam
524 4364 720 4451 pronuntiet
757 4364 854 4428 Inam
892 4384 1003 4449 regem
1040 4362 1169 4427 nullum
1199 4362 1333 4428 fratrem

281 4466 432 4533 habuisse
454 4471 575 4553 praeter
598 4465 788 4552 Inigildum,
805 4466 863 4551 qui
885 4464 996 4551 paucis
1012 4464 1108 4529 annis
1126 4470 1204 4530 ante
1227 4466 1334 4553 ipsum

282 4568 377 4633 Inam
400 4569 545 4634 decessit.
591 4568 671 4633 Non
696 4572 770 4654 eget
793 4566 965 4632 Aldelmus
986 4572 1025 4632 ut
1046 4568 1224 4633 mendaciis
1250 4590 1334 4633 asse-

295 4756 299 4759 ·
320 4758 324 4761 -
344 4758 1034 4768 -———-.·--——--—-—--—--—-—-
1069 4762 1076 4766 -
1092 4762 1271 4767 ----..-—.—...-.

653 4872 660 4903 ¹
673 4869 785 4936 solverer]
798 4870 944 4933 solveretur,
955 4870 1011 4922 MS.
