3542 5800
468 892 514 943 oa
536 892 650 945 onsrrs
673 894 793 945 aeeon
816 892 1002 945 lucu-u.
1025 882 1076 949 70.
1234 879 1298 945 339

250 1104 339 1153 nuno
366 1082 432 1151 mei
457 1084 608 1172 proditor
633 1104 688 1149 ero
719 1084 934 1163 voluntarius,
960 1085 1012 1149 eui
1039 1106 1099 1171 pro
1125 1084 1300 1151 amissione
1312 1114 1448 1171 ,mm

252 1208 399 1255 carorum
429 1188 501 1275 ipsa
531 1186 591 1253 lux
623 1193 675 1253 est
704 1186 845 1253 fastidio.
891 1187 952 1253 Est
981 1186 1064 1253 mihi
1093 1188 1300 1275 omnipotens
1312 1209 1369 1263 us
1380 1211 1411 1271 n,

250 1312 359 1357 rerum
383 1289 507 1357 arbiter
530 1290 603 1357 Rex
626 1289 792 1367 Caelestis,
820 1290 910 1377 quod
932 1290 1044 1357 nullus
1065 1312 1118 1357 me
1144 1290 1299 1357 barbaro·
1312 1277 1357 1329 fot
1371 1282 1401 1332 ⁷²
1414 1279 1440 1329 b·

253 1416 326 1461 rum
350 1399 458 1460 metus
473 1416 531 1461 seu
549 1395 663 1459 vivum
679 1415 736 1459 seu
750 1400 919 1459 mortuum
942 1394 1108 1481 separabit
1122 1418 1143 1461 a
1162 1396 1300 1461 caritate

253 1494 386 1574 Christi,
404 1498 496 1563 ouius
519 1496 555 1563 in
577 1496 777 1563 confessione
800 1496 1010 1583 baptismatis
1025 1498 1152 1584 suscepi
1165 1498 1300 1565 anulum

253 1600 338 1677 fidei,
371 1600 606 1667 abrenuntiato
637 1600 785 1667 Satbana
815 1606 849 1666 et
883 1601 1035 1665 omnibus
1064 1602 1191 1689 pompis
1220 1603 1298 1666 eius.

253 1702 326 1785 Qua
350 1704 637 1773 abrenuntiatione
660 1703 813 1791 contigit,
835 1708 875 1769 ut
897 1703 940 1769 ad
959 1703 1091 1769 laudem
1110 1710 1146 1769 et
1160 1704 1298 1791 gloriam

250 1811 382 1873 aeternae
405 1806 579 1873 Trinitatis
610 1806 709 1881 tertio
742 1828 882 1875 mererer
912 1808 1099 1887 consecrari,
1130 1806 1298 1873 delibutus

251 1910 293 1975 ob
323 1910 551 1999 oompsndinm
581 1910 732 1999 perennis
761 1911 841 1976 vitm
878 1910 1076 1977 sanctificati
1111 1909 1297 1977 chrismatis

249 2014 485 2099 perunctione:
510 2014 616 2103 primo
639 2013 772 2101 quidem
795 2020 929 2101 accepta
950 2014 1036 2079 stola
1058 2014 1183 2079 lavacri
1210 2013 1295 2080 salu·

250 2117 352 2197 taris3
375 2118 515 2187 sectando
529 2139 587 2205 per
607 2117 888 2185 confirmationem
909 2116 1095 2183 exhibitam
1117 2116 1296 2183 maiusculo

250 2220 431 2308 pontificali
453 2220 641 2308 signacul03
663 2222 762 2287 tertio
785 2220 843 2287 ubi
865 2226 1032 2287 vostrast
1055 2220 1160 2286 totius
1183 2220 1297 2309 populi

249 2324 414 2391 oommuni
436 2324 668 2391 acclamatione
690 2346 768 2389 usus
790 2346 863 2389 sum
887 2324 948 2389 hac
961 2325 1057 2411 regni
1077 2324 1298 2411 perfunctoria

248 2430 418 2515 potestate.
488 2427 606 2513 Sieque
649 2432 818 2515 unguento
857 2426 1007 2513 mysticae
1046 2428 1297 2495 consecrationis
1309 2456 1365 2508 MS.
1374 2457 1408 2520 A,

250 2530 425 2617 tripliciter
446 2530 613 2610 irroratus,
639 2530 822 2619 Anglorum
849 2530 1038 2617 reipublicae
1064 2530 1194 2597 decrevi
1223 2524 1351 2618 plua¹⁴⁰L
1364 2532 1378 2575 ⁸
1391 2527 1414 2579 b·

248 2634 399 2721 prodesse
421 2655 521 2720 quam
544 2654 689 2720 praeesse,
713 2634 917 2721 aspernando
940 2634 1078 2699 subdam
1101 2634 1185 2699 oolla
1206 2634 1295 2722 iugo,

248 2737 313 2803 nisi
339 2736 462 2801 Divino
485 2736 629 2802 servitio.
676 2736 774 2801 Nunc
797 2738 951 2803 simulata
973 2737 1202 2803 benevolentia
1216 2760 1297 2823 praa

249 2838 359 2906 tandit
400 2838 535 2906 callidus
572 2862 639 2908 suae
677 2840 931 2906 machinationis
968 2839 1192 2927 muscipulam,
1231 2862 1297 2927 qua

249 2941 380 3008 serrium
404 2943 528 3010 Christi
550 2943 671 3010 irretiri
694 2943 861 3022 deliberat,
879 2943 1022 3008 maxime
1041 2965 1115 3010 eum
1130 2943 1297 3030 promittit

249 3045 338 3132 quod
353 3047 448 3112 nobis
466 3047 602 3132 largitas
620 3067 762 3134 superna
783 3046 952 3112 concessit.
999 3045 1114 3112 Vitam
1136 3045 1295 3132 indulget,

249 3171 315 3236 qua
345 3151 484 3216 necdum
516 3171 630 3230 oare03
668 3171 806 3238 regnum
837 3149 1016 3236 promittit,
1046 3149 1134 3234 quod
1172 3149 1275 3214 habeo
1287 3176 1296 3230 ;

249 3273 326 3340 opes
356 3253 501 3318 conferre
531 3253 631 3339 eupit,
663 3254 783 3340 quibus
813 3274 880 3318 non
911 3273 998 3339 egeo.
1044 3251 1108 3318 Pro
1138 3251 1191 3318 hie
1217 3273 1295 3339 ergo

248 3377 336 3424 nuno
374 3355 530 3443 incipiam
560 3355 682 3421 servire
713 3355 841 3422 duobus
880 3355 1029 3433 dominis,
1054 3355 1112 3441 qui
1141 3377 1193 3420 me
1232 3355 1296 3421 sub

251 3459 384 3528 Christo
411 3459 479 3525 solo
503 3458 623 3538 vivere,
652 3458 712 3524 sub
739 3459 870 3526 Christo
893 3458 962 3524 solo
986 3480 1130 3545 regnare,
1155 3481 1296 3547 praesen-

248 3562 338 3630 tibus
361 3563 518 3650 palatinis
544 3561 733 3630 devoverim
742 3561 773 3628 2¹¹
827 3561 919 3628 Tium
945 3583 1119 3628 conversus
1143 3563 1187 3628 ad
1212 3585 1294 3642 eum,
1307 3568 1424 3629 Abbac·
1437 3570 1460 3615 9·

249 3667 307 3753 qui
345 3665 385 3731 de
430 3665 617 3732 condicione
661 3664 754 3752 regni
798 3665 971 3750 loquturus
1014 3666 1058 3731 ab
1101 3667 1295 3753 impiissimo
1308 3659 1444 3710 ΗΜ

249 3769 412 3856 Hingwar
437 3769 546 3835 firerat
568 3769 694 3848 missus,
727 3766 987 3846 “dedebam’'
1009 3769 1128 3855 inquit,
1155 3726 1439 3858 “emorerffi'ssfflf,

249 3895 395 3940 meorum
418 3873 535 3938 mortis
561 3871 720 3960 supplicio
746 3871 867 3958 dignae
891 3872 1059 3938 extiteras.
1106 3871 1173 3937 Sed
1198 3872 1296 3958 plane

250 3974 373 4043 Ohristi
395 3977 461 4044 mei
483 3976 670 4062 exemplum
685 3979 820 4061 sequtus
843 3974 919 4040 nolo
941 3997 1041 4062 puras
1063 3975 1296 4041 commaculare

250 4101 373 4158 manus,
401 4080 457 4167 qui
483 4101 543 4166 pro
570 4079 639 4144 eius
661 4077 803 4158 nomino,
826 4077 855 4142 si
876 4077 927 4143 ita
949 4078 1132 4164 contigerit,
1155 4077 1296 4146 libenter

248 4188 382 4272 paratus
407 4205 480 4248 sum
503 4183 622 4248 vestris
649 4180 724 4247 telis
745 4179 941 4247 occumbere.
988 4180 1130 4246 Rediens
1152 4201 1229 4268 ergo
1252 4183 1295 4250 ad
1308 4200 1365 4252 MS.
1377 4203 1409 4264 Β,

249 4285 418 4352 dominum
460 4290 557 4352 tuum
594 4284 742 4365 festinus,
785 4283 855 4351 baec
892 4283 944 4349 illi
989 4303 1144 4370 responsa
1190 4269 1350 4371 pertersi-
1364 4274 1429 4322 ⁷³⁸·

249 4389 454 4478 quantocius.
502 4387 591 4454 Bene
614 4387 700 4454 iilius
725 4387 849 4454 dioboli
872 4392 1000 4476 patrem
1023 4392 1120 4454 tuum
1143 4387 1294 4472 imitaris,
1308 4417 1364 4468 MS.
1377 4419 1412 4478 A,

249 4493 307 4579 qui
329 4491 545 4579 superbiendo
567 4493 786 4559 intumescens
809 4492 890 4558 ooelo
913 4490 1043 4572 corruit,
1065 4495 1101 4556 et
1126 4493 1296 4560 mendacio
1308 4485 1412 4538 ΜΝ

249 4617 307 4661 suo
337 4595 519 4665 humanum
548 4617 650 4683 genus
679 4595 849 4664 involvere
874 4595 1018 4684 gestiens
1043 4595 1202 4684 plurimos
1228 4619 1296 4665 suae

249 4720 356 4787 poenae
380 4699 539 4766 obnoxios
561 4699 644 4766 fecit.
693 4698 795 4764 Cuius
816 4704 856 4764 tu
879 4705 1021 4765 sectator
1042 4701 1225 4787 praeoipuus
1243 4723 1295 4766 me

252 4824 310 4869 neo
341 4802 439 4868 minis
475 4807 596 4870 terrere
635 4801 799 4888 prevales,
838 4825 898 4869 nee
935 4802 1065 4870 blandae
1103 4803 1296 4889 perditionis

1146 4909 1206 4975 rt
