3542 5800
411 907 458 957 ns
480 901 593 956 oms
615 901 736 956 suoru
757 901 939 958 urere—u.
957 891 1007 968 48,
1034 895 1084 956 44.
1219 887 1278 960 175

645 1394 724 1458 Cir.
749 1391 869 1458 XLIV

227 1547 276 1618 De
299 1551 382 1618 bello
403 1551 495 1618 iuter
508 1573 618 1638 repom
641 1549 733 1620 Oswi
754 1549 1065 1618 Norttumtrorum
1080 1559 1109 1618 et
1124 1547 1281 1620 Perdam
1295 1556 1402 1610 Gsllrid

587 1676 697 1740 repom
711 1651 929 1720 Marciorum.
1293 1623 1405 1742 &siff
1398 1697 1435 1744 1³.

273 1817 351 1884 ltux
374 1819 407 1883 N
410 1819 675 1883 orthumbrorum
708 1815 807 1893 Oswi,
833 1817 874 1882 de
905 1837 970 1904 quo
997 1837 1096 1904 supro
1125 1817 1278 1894 diximus,
1293 1817 1350 1870 0·w
1352 1819 1431 1870 imb-

228 1923 334 1986 ruulto
363 1920 499 1986 donaris
529 1921 602 1985 ouri
626 1927 662 1986 et
691 1921 820 2006 urgenti
848 1919 1052 1984 Codwolloni
1083 1921 1160 2006 regi,
1187 1869 1368 2004 ouius&w
1360 1897 1427 2006 tino.

227 2023 328 2088 etism
351 2041 450 2109 supro.
471 2023 689 2098 meminimus,
705 2022 801 2087 toti
791 2043 858 2086 mm
891 2021 1111 2088 Britanniae
1103 2021 1278 2108 1mperonti

228 2113 327 2202 dedit,
342 2145 519 2212 pacemque
542 2126 613 2190 eius
636 2125 773 2211 adeptus
795 2146 864 2190 sese
887 2123 936 2188 illi
960 2123 1119 2189 submisit.
1166 2125 1279 2189 lusur-

226 2229 314 2292 rexit
343 2227 476 2292 tandem
507 2227 543 2292 in
573 2227 664 2294 Oswi
693 2247 803 2314 regem
842 2226 956 2292 Pende
984 2247 1043 2292 rex
1075 2227 1277 2294 Merctor-um.

227 2329 292 2395 Sed
314 2331 421 2416 primo
444 2331 563 2395 timens
584 2351 697 2416 pacem
719 2329 906 2416 infringere,
923 2349 1022 2416 quem
1037 2351 1095 2396 rex
1111 2330 1278 2396 Oedwollo

171 2443 175 2450 '
225 2454 283 2518 per
308 2451 447 2519 regnum
472 2432 655 2497 Britannice
685 2437 855 2509 stotuerat,
888 2431 1019 2498 distulit
1049 2431 1118 2498 sine
1145 2433 1278 2500 licentio

227 2535 306 2600 dicti
336 2535 424 2621 regis
453 2533 674 2600 Osdwellonis
697 2534 971 2620 inquietationem
996 2535 1147 2622 incipere,
1174 2536 1275 2602 donec

158 2663 161 2670 ·
225 2637 320 2701 illum
350 2637 462 2722 aliquo
490 2637 588 2701 modo
625 2635 787 2712 incitaret,
816 2641 858 2700 ut
894 2638 948 2702 vel
986 2637 1054 2725 ipse
1093 2639 1129 2702 iu
1167 2661 1277 2726 regem

226 2739 375 2806 Oswium
412 2739 605 2826 insurgeret,
636 2738 690 2803 vel
720 2737 785 2802 sibi
814 2739 942 2824 copiam
972 2761 1045 2805 oum
1076 2761 1114 2805 eo
1145 2763 1278 2828 congre-

225 2843 337 2908 diendi
368 2841 565 2908 concederet
611 2839 762 2921 Quodam
785 2839 888 2927 igitur
913 2842 1132 2910 sollemnitate
1160 2845 1277 2911 Pente·
1289 2873 1383 2938 pm,

226 2952 337 3022 costes,
363 2964 437 3010 cum
457 2964 517 3009 rex
542 2944 711 3011 Godwello
736 2942 888 3007 diademo
912 2942 1092 3012 Britannice
1117 2948 1277 3032 portando
1289 2942 1414 3069 kmsff
1406 3010 1432 3061 n

226 3050 348 3113 festum
385 3048 565 3112 celebraret
604 3044 792 3121 Londoniis‚
830 3050 865 3110 et
900 3046 1047 3111 universi
1093 3046 1277 3135 Anglorum
1289 3074 1383 3153 ψ.
1433 3036 1445 3052 '

225 3169 325 3238 reges,
353 3172 480 3215 necnon
509 3153 544 3214 et
574 3148 749 3212 Britonum
775 3147 874 3212 duces
900 3154 1020 3233 praeter
1044 3170 1154 3237 regem
1186 3152 1277 3217 Oswi
1288 3142 1386 3261 {ff

224 3253 330 3318 solum
360 3252 520 3327 adessent,
546 3250 653 3315 odivit
683 3248 796 3314 Peuds
825 3268 936 3336 regem
962 3250 1277 3331 Oodwellonem,et

227 3355 382 3442 quesivit
412 3353 454 3419 eb
486 3376 524 3418 eo
561 3374 620 3418 cur
657 3350 749 3417 Oswi
787 3350 874 3416 solus
912 3352 1033 3430 uberet,
1072 3377 1147 3421 curn
1177 3358 1277 3424 ceteri

227 3460 397 3525 Saxonum
426 3456 588 3542 principes
612 3455 769 3519 adessent.
828 3454 892 3520 Oui
918 3474 992 3520 cum
1019 3476 1078 3523 rex
1110 3458 1277 3527 Oodwollo

226 3560 438 3648 responderet
473 3559 580 3645 ipsum
627 3556 831 3621 infirmitatis
867 3575 965 3622 ceusu
1002 3558 1120 3640 deesse,
1159 3564 1277 3631 adiecit

226 3664 295 3750 ipse
320 3664 430 3727 dicens
455 3660 550 3725 illum
580 3658 706 3725 misisse
736 3662 870 3745 propter
900 3660 1046 3727 Saxones
1076 3664 1111 3728 in
1143 3666 1277 3732 Germe-

226 3765 323 3841 niom‚
347 3768 387 3829 ut
408 3764 543 3827 fratrem
572 3778 668 3827 suum
693 3760 885 3826 Osweldum
911 3762 947 3826 in
977 3764 1062 3849 ipsos
1088 3766 1277 3834 vindicaret.

227 3866 358 3932 Adiecit
387 3866 488 3931 etiom
517 3862 610 3929 illum
636 3882 747 3948 paoem
778 3862 872 3950 regni
899 3864 1076 3951 infregisse,
1105 3868 1163 3953 qui
1190 3870 1277 3935 solus

227 3988 388 4056 guerram
410 3969 578 4053 inceperet
600 3966 687 4030 inter
709 3986 772 4042 eos,
789 3986 864 4031 cum
888 3966 1144 4033 AEthelwoldum
1166 3970 1277 4035 fratris

227 4073 277 4137 sui
314 4070 421 4135 fillum
458 4068 680 4155 inquietatum
717 4089 738 4132 s
774 4069 884 4154 patrio
921 4070 1053 4155 proprio
1090 4070 1277 4157 expulisset.

228 4169 353 4240 Petivit
382 4192 511 4259 quoque
537 4170 704 4235 licentium
728 4170 887 4234 utillum
914 4172 968 4235 vel
993 4170 1198 4253 interficeret,
1224 4174 1277 4243 vel

227 4291 247 4340 e
268 4291 371 4362 regno
400 4274 537 4359 lugeret
594 4270 667 4336 Rex
691 4270 794 4357 igitur
819 4272 1025 4338 indiversus
1048 4276 1278 4346 meditationes

228 4378 381 4442 inductus
402 4372 580 4440 familiares
600 4393 676 4437 suos
698 4373 872 4449 sevocavit,
890 4376 1108 4462 praecepitque
1131 4380 1277 4450 conicere

230 4480 309 4566 quid
345 4498 444 4564 super
480 4476 541 4541 teli
578 4498 614 4540 re
652 4479 870 4541 autumarent.
948 4477 1193 4550 Conicientibus
1231 4490 1278 4553 eis

228 4582 329 4668 pluro„
346 4576 532 4665 Mergudud
557 4599 616 4642 rex
637 4576 885 4642 Demetetorum
912 4578 998 4645 inter
1020 4588 1142 4649 ceteros
1169 4588 1276 4656 dixit:

231 4683 405 4749 “Domine
431 4682 478 4745 mi
504 4702 572 4758 rex,
601 4679 756 4765 quoniam
787 4700 882 4745 omne
908 4702 1012 4766 genus
1037 4684 1220 4772 Anglomm
1243 4698 1277 4759 te

230 4808 271 4850 ex
314 4783 437 4849 finibus
483 4780 666 4846 Britannice
710 4780 922 4867 expulsurum
967 4790 1172 4872 proposuisti,
1219 4814 1277 4861 cur
