3542 5800
428 777 496 848 232
697 789 762 840 ruo.
785 789 833 840 nr
854 787 986 839 crasso.
1010 787 1097 842 seso.
1122 788 1209 838 msr.

259 999 331 1051 will.
430 977 550 1044 Peudae
579 978 666 1064 regis
696 999 738 1043 ex
769 976 879 1043 Alvvio
906 977 1015 1042 fratre.
1064 976 1129 1043 Hic
1153 975 1418 1042 victoriosissime
1445 981 1480 1042 et

259 1066 392 1190 5³22&
430 1081 500 1146 alta
529 1103 607 1167 pace
636 1086 783 1168 tempore
813 1081 928 1159 multo,
956 1081 990 1146 id
1020 1085 1071 1146 est
1101 1080 1320 1166 quadraginta
1349 1085 1383 1145 et
1413 1102 1480 1144 uno

260 1205 350 1264 arra,
430 1184 533 1260 annis,
550 1206 659 1250 rerum
682 1183 871 1270 perfunctus
895 1189 928 1248 ct
951 1183 1127 1248 novissime
1148 1206 1168 1247 a
1187 1182 1342 1248 subiectis
1357 1182 1480 1246 occisus

259 1283 404 1414 mm
430 1286 572 1352 fortunae
602 1292 708 1352 rotam
733 1286 846 1352 volvit.
903 1288 1028 1359 Auctor
1058 1286 1145 1350 necis
1175 1287 1245 1350 eius
1276 1285 1480 1352 Beoruredus

259 1417 419 1465 ammorreo
430 1389 516 1454 nihil
544 1389 793 1454 memorandum
826 1387 927 1466 dedit,
959 1388 1026 1452 nisi
1053 1388 1141 1475 quod
1171 1389 1214 1452 ab
1242 1387 1318 1454 Offa
1346 1393 1481 1452 necatus

259 1483 402 1598 peydBeorn-
431 1492 569 1578 dignum
583 1493 683 1556 finem
699 1491 893 1557 insidiarum
909 1491 996 1556 tulit.
1043 1491 1133 1556 Huic
1149 1489 1360 1555 Ethelbaldo¹
1384 1491 1481 1554 Boni-

307 1587 312 1598 '
430 1594 533 1660 sacius
559 1595 820 1681 archiepiscopus
850 1593 1148 1681 Mogontiacensis²
1178 1595 1312 1660 natione
1343 1593 1479 1679 Anglus,

431 1699 489 1783 qui
527 1705 641 1784 postca
677 1697 840 1783 martyrio
876 1702 1052 1762 coronatus
1087 1702 1145 1776 est,
1176 1696 1268 1760 misit
1299 1695 1479 1782 epistolam,

431 1801 524 1865 cuius
554 1801 608 1866 hic
644 1805 773 1886 partem
810 1800 958 1876 subdam,
993 1803 1032 1864 ut
1065 1799 1217 1864 videatur
1248 1819 1347 1884 quam
1378 1797 1481 1864 libere

431 1909 551 1990 arguat
576 1903 662 1968 vitia
691 1903 727 1966 in
756 1909 854 1990 gente
879 1901 1063 1988 Anglorum
1095 1901 1276 1980 inolevisse,
1305 1923 1387 1986 quaa
1405 1900 1481 1964 Alc-

431 2005 539 2070 winus
562 2006 702 2070 timebat
725 2010 866 2070 ventura
892 2027 968 2070 essa.
1016 2002 1123 2070 Simul
1153 2007 1187 2068 et
1217 2004 1281 2068 erit
1307 2004 1481 2068 documen-

430 2112 503 2172 tum
534 2109 649 2194 ingens
683 2108 719 2172 in
749 2109 887 2172 ostensis
919 2107 1079 2172 mortibus
1110 2105 1317 2192 quorundam
1354 2127 1480 2192 regum,

431 2230 529 2293 quam
557 2210 704 2275 districte
733 2209 822 2274 Deus
848 2231 920 2274 roos
945 2210 1069 2295 puniat,
1097 2230 1178 2294 quos
1206 2209 1262 2273 diu
1287 2207 1409 2272 librata
1432 2208 1484 2270 ira

430 2316 588 2398 expectat.

765 2759 974 2847 Exemplum
995 2758 1145 2846 epistola.

261 3000 389 3053 laomor
476 2967 624 3033 Doumo
654 2966 821 3033 carissimo
851 2971 886 3031 et
915 2966 952 3030 in
980 2965 1104 3033 Christi
1131 2986 1240 3032 amore
1271 2989 1339 3053 praa
1370 2966 1484 3032 ceteris

260 3066 357 3118 rebuke
397 3136 404 3148 ,
431 3072 564 3158 regibus
579 3071 764 3157 Anglorum
783 3068 983 3135 Ethelbaldo
1006 3068 1193 3135 Bonifacius
1215 3070 1483 3157 archiepiscopus,

261 3134 328 3185 from
339 3135 417 3186 Bom-
746 3173 752 3185 .
1143 3172 1149 3187 .
1449 3175 1456 3188 .

261 3200 354 3252 sm
430 3174 560 3261 legatus
599 3173 813 3239 Germanicus
843 3172 1003 3237 Romanae
1041 3171 1189 3251 eoclesrae,
1222 3178 1413 3260 perpetuam
1447 3194 1484 3238 1n

261 3266 403 3357 Ethelbald.
433 3276 566 3343 Christo
586 3276 734 3342 caritatis
754 3275 904 3341 salutem.
951 3273 1156 3339 Confitemur
1176 3296 1284 3340 coram
1303 3275 1383 3357 Deo,
1406 3277 1485 3363 quia

262 3345 394 3465 ΗΜ,
432 3380 563 3464 quando
590 3379 841 3465 prosperitatem
863 3382 1010 3444 vestram
1033 3383 1067 3443 et
1091 3379 1190 3444 fidem
1217 3384 1252 3445 et
1275 3378 1363 3445 bona
1387 3400 1484 3467 opera

262 3478 278 3527 i·
293 3484 333 3540 ⁸⁰,
432 3482 630 3559 audivimus,
655 3480 828 3546 laetamur:
857 3481 988 3566 quando
1019 3485 1131 3546 autem
1157 3481 1283 3567 aliquid
1307 3481 1483 3548 adversum

261 3551 416 3615 ΝΜ
430 3584 484 3649 vel
511 3583 546 3647 in
573 3586 696 3647 eventu
722 3582 894 3663 bellorum,
920 3583 974 3648 vel
1002 3582 1043 3648 de
1067 3583 1210 3669 periculo
1234 3584 1419 3649 animarum
1443 3586 1483 3650 de

429 3686 524 3753 vobis
551 3686 784 3772 cognoscimus,
810 3687 991 3751 tristamur.
1047 3686 1247 3753 Audivimus
1276 3688 1365 3752 enim
1396 3688 1483 3773 quod

430 3790 645 3875 eleemosynis
682 3788 832 3853 intentus
877 3789 969 3853 furta
1006 3793 1041 3853 ct
1078 3790 1211 3877 rapinas
1248 3789 1409 3877 prohibes,
1449 3797 1483 3855 et

428 3916 541 3982 paoem
564 3892 674 3981 diligis
696 3898 731 3958 et
753 3891 903 3959 defensor
923 3891 1099 3957 viduarum
1122 3896 1156 3957 et
1177 3914 1359 3979 pauperum
1381 3916 1422 3971 es,
1447 3900 1482 3959 et

428 3998 505 4064 inde
527 3997 598 4063 Deo
618 3995 742 4083 gratias
765 3994 901 4081 agimus.
949 3993 1046 4075 Quod
1061 4016 1137 4061 vero
1160 3996 1346 4082 legitimum
1369 3996 1484 4062 matri-

429 4101 577 4166 monium
598 4098 733 4185 spernis,
750 4098 779 4163 si
799 4119 857 4184 pro
878 4098 1033 4163 castitate
1054 4097 1181 4179 faceres,
1198 4104 1282 4165 esset
1297 4098 1480 4165 laudabile:

430 4202 489 4268 sed
517 4202 595 4287 quia
624 4204 661 4266 in
694 4200 828 4267 luxuria
857 4206 892 4266 et
923 4200 1085 4267 adulterio
1117 4203 1219 4267 etiam
1250 4224 1324 4268 cum
1362 4203 1482 4267 sancti-

430 4303 628 4369 monialibus
662 4302 832 4382 volutaris,
867 4310 919 4369 est
956 4304 1176 4392 vituperabile
1214 4310 1248 4371 et
1285 4305 1480 4371 damnabile.

487 4506 568 4513 ,,,,,,-
1035 4506 1120 4512 ...u—.-
1138 4506 1273 4511 —-·-—.--
1288 4506 1325 4513 —-.
1337 4508 1373 4513 -..
1400 4509 1448 4517 -,

464 4633 470 4663 ¹
488 4627 645 4695 athelhardo]
664 4627 827 4687 Ethalwaldo,
838 4625 894 4678 MS.
980 4628 1027 4759 Μὲ
1042 4626 1261 4693 Moqonriacemie]
1281 4626 1482 4694 Magouarensis,
