3542 5800
503 880 568 953 370
760 899 824 952 ruo.
848 900 896 949 nn
916 898 1051 951 munuc.
1074 898 1163 949 seso
1186 900 1273 949 mar.

335 1102 434 1220 {³5⁸9}
591 1084 839 1153 Ocurruurrro.
886 1087 937 1154 Dc
959 1085 1105 1155 mutere
1126 1086 1286 1155 mattea
1306 1093 1440 1155 maora

345 1186 361 1219 0
433 1185 455 1220 Β.

336 1261 489 1313 mmmm,
544 1228 688 1296 Dnnrnrs
713 1230 865 1318 quaedam
890 1232 1009 1298 mulier
1038 1233 1092 1299 die
1120 1240 1285 1321 noctuque
1314 1231 1539 1301 recedentibus

334 1342 394 1445 {23⁸
405 1330 456 1445 ‘1¹st
499 1332 613 1399 ceteris
643 1334 715 1421 ipsa
738 1334 780 1400 ab
808 1333 940 1401 ecclesia
969 1358 1036 1401 non
1066 1335 1283 1416 abscedebat3
1315 1337 1435 1425 quippe
1460 1333 1538 1421 quia

373 1411 406 1461 ¹²¹³
416 1412 437 1449 ε’
499 1435 655 1501 nimirum
692 1457 849 1503 manuum
886 1437 972 1504 fulta
1008 1439 1145 1527 remigio
1183 1437 1368 1505 scabellulis
1398 1436 1538 1525 rependo

499 1537 679 1621 nitebatur,
716 1539 876 1627 reliquam
912 1541 1054 1629 corporis
1078 1540 1218 1627 partem¹
1257 1540 1357 1606 aridis
1394 1538 1541 1605 cruribus

500 1641 641 1707 trahens
698 1642 795 1708 Hanc
824 1644 860 1708 in
889 1643 1060 1731 petitionis
1089 1642 1251 1708 instantia
1279 1646 1539 1730 perseverantem

469 1814 474 1829 ,
500 1750 595 1809 nocte
616 1744 759 1832 quadam
780 1746 905 1833 gratior
927 1745 1022 1812 solito
1037 1767 1169 1811 somnus
1184 1744 1376 1832 obrepserat
1409 1743 1541 1810 Accidit

501 1845 601 1911 etiam
630 1852 711 1913 tunc
737 1846 894 1913 orationis
919 1848 1029 1935 gratia
1053 1846 1197 1913 nobilem
1223 1848 1388 1934 quandam
1418 1851 1538 1911 matro-

499 1969 576 2013 nam
597 1948 726 2015 affuisse
748 1950 878 2015 votivas
905 1971 979 2014 cum
1005 1970 1138 2015 accenso
1167 1970 1257 2016 cereo
1281 1949 1434 2015 excubias
1459 1947 1540 2013 cele·

498 2050 657 2117 brantem.
726 2050 873 2139 Cumque
915 2052 1127 2117 conticinium
1169 2056 1423 2139 praeoccupasset
1474 2050 1539 2115 diei

498 2157 655 2241 tempora,
676 2158 711 2221 et
736 2154 795 2219 ills
815 2153 955 2241 pervigil
976 2160 1106 2221 noctem
1132 2154 1314 2221 insomnem
1334 2155 1537 2241 transigeret,

497 2256 586 2323 vidit
613 2256 723 2323 subito
753 2258 861 2323 virum
891 2257 988 2324 vultu
1019 2262 1055 2323 et
1085 2257 1204 2323 babitu
1232 2257 1456 2325 venerandum
1496 2256 1539 2321 de

497 2359 637 2425 sacrario
670 2358 788 2446 egredi,
818 2360 1020 2447 amplissimo
1059 2360 1240 2448 firlgentem
1271 2360 1404 2426 lumine.
1471 2358 1537 2439 Qui

498 2460 711 2525 deambulans
741 2482 800 2547 per
827 2483 948 2527 navem
978 2462 1127 2541 ecclesiis,
1163 2462 1257 2529 venit
1292 2462 1350 2528 ubi
1385 2460 1538 2527 enclitica

497 2562 654 2648 praedicta
672 2562 808 2641 iacebat,
830 2568 865 2629 et
884 2568 976 2629 stans
994 2586 1093 2652 super
1113 2564 1214 2646 illam,
1230 2564 1398 2631 salutifera
1420 2565 1538 2630 dextra

496 2668 703 2752 percurrente
728 2664 831 2731 crucis
853 2687 951 2753 super
970 2688 1043 2733 eam
1064 2668 1225 2733 vexillum
1247 2667 1405 2755 depingit
1455 2666 1537 2747 Quae

496 2768 611 2835 statim
634 2789 747 2835 somno
770 2767 916 2859 excitata
936 2768 1028 2835 salva
1049 2770 1138 2837 facta
1158 2775 1216 2837 est

331 3089 387 3142 MS.
398 3091 430 3152 Β,
498 3067 748 3136 commemo,
794 3069 846 3137 Dc
867 3068 979 3138 milite
998 3069 1041 3137 ab
1058 3069 1241 3140 camum
1261 3068 1535 3157 multipertitum

330 3159 372 3211 Μ
385 3163 432 3210 ¹⁰⁵
443 3158 467 3210 ¹²·
843 3170 1001 3258 subitura
1023 3171 1172 3242 liberato.

330 3362 484 3415 mmm,
540 3327 686 3412 QUIDAM
701 3329 802 3396 etiam
816 3330 924 3397 miles⁹
941 3332 1080 3398 dolendo
1094 3333 1309 3420 torquebatur
1322 3331 1534 3410 incommode,

328 3433 451 3548 ἓξὲξ*
496 3434 650 3519 quoniam
680 3455 746 3500 non
771 3433 869 3500 unius
899 3438 1032 3500 tantum
1060 3441 1120 3502 aut
1146 3435 1284 3502 duarum
1308 3435 1363 3502 sed
1392 3436 1535 3524 omnige

329 3535 428 3625 MS.B'‚
494 3557 611 3600 narum
625 3535 783 3602 uebatur
803 3537 975 3603 ardoribus
990 3537 1137 3604 febrium.
1184 3539 1250 3620 Qui
1264 3539 1400 3604 tandem
1419 3545 1536 3626 parata

328 3631 370 3681 f⁰¹·
385 3637 465 3682 ¹⁰⁶⁸·
495 3638 664 3704 evectione
700 3639 743 3704 ad
775 3641 1011 3706 monasterium
1047 3640 1153 3707 sancti
1193 3642 1277 3729 regis
1312 3647 1346 3706 et
1380 3641 1536 3727 martyris

495 3740 664 3807 Edmundi
696 3741 907 3829 pertrahitur,
942 3743 1001 3808 ubi
1034 3745 1122 3810 facta
1157 3743 1323 3809 oblatione
1359 3745 1534 3810 necessitas

493 3843 688 3932 deploratur,
715 3845 877 3910 auxilium
903 3846 1058 3933 martyris
1082 3846 1250 3912 Edmundi
1280 3846 1497 3935 [imploratur.

494 3945 584 4012 Hinc
615 3944 744 4012 delatus
772 3946 815 4012 ad
852 3947 1033 4034 hospitium
1063 3947 1183 4014 lectulo
1215 3947 1402 4042 reclinatur.
1464 3949 1531 4030 Qui

493 4049 649 4114 continuo
668 4048 762 4115 velut
787 4049 824 4116 in
846 4049 986 4116 extasim
1012 4055 1135 4138 raptus,
1157 4051 1304 4118 sensibus
1330 4052 1455 4135 alienis
1478 4074 1534 4118 ore

492 4152 616 4239 supino,
636 4153 758 4240 patulis
784 4151 967 4220 luminibus
999 4153 1103 4218 ardna
1130 4153 1319 4220 rimabatur.
1374 4153 1534 4241 Cumque⁴

491 4253 655 4341 paulisper
676 4254 722 4320 sic
744 4254 908 4321 attonitus
923 4255 1108 4342 quievisset,
1127 4256 1280 4344 appamit
1301 4255 1331 4321 ei
1353 4257 1420 4322 iam
1440 4279 1532 4344 paene

492 4354 617 4421 defecto
652 4357 705 4422 vir
736 4357 869 4443 quidam
908 4357 1049 4445 ignotus,
1083 4363 1212 4425 statura
1247 4381 1407 4447 procerus,
1441 4361 1533 4426 cuius

1481 4512 1525 4520 —-

524 4591 531 4620 ¹
539 4586 647 4654 partem]
661 4587 790 4650 fabricam,
803 4589 834 4640 B.
1062 4590 1072 4619 ³
1083 4588 1238 4656 imploratur]
1252 4590 1317 4640 from
1329 4590 1360 4642 B.

522 4666 622 4733 ²mileo]
643 4667 715 4719 miles
733 4667 874 4718 Willelmus
889 4667 991 4720 nomine
1063 4668 1205 4735 Ὄψων]
1220 4669 1284 4720 Cum
1294 4685 1362 4729 vero,
1373 4670 1403 4720 B.

490 4748 556 4799 ffliur
566 4747 687 4800 Arketilli
697 4749 729 4799 de
745 4747 923 4799 Herefordemi
933 4763 991 4814 pro·

489 4827 581 4889 vincia,
591 4828 623 4878 B.
