3542 5800
461 856 526 926 276
726 870 791 922 mc
814 871 861 920 on
883 871 1013 922 manno.
1036 872 1124 922 senc.
1148 872 1233 922 mss.

459 1081 522 1147 que
566 1058 801 1145 omnipotentis
833 1057 900 1124 Dei
932 1057 1074 1124 famulus
1111 1058 1335 1126 AEthelbertus
1377 1060 1503 1127 diutius

458 1167 591 1240 orasset,
625 1183 723 1248 seque
755 1166 791 1227 et
819 1160 1001 1228 exercitum
1022 1183 1118 1227 suum
1140 1185 1275 1250 surgens
1296 1185 1317 1227 a
1339 1163 1408 1228 loco
1430 1184 1503 1228 ore-

457 1265 558 1330 tionis
578 1269 700 1331 sanctes
721 1265 825 1330 crucis
846 1264 1012 1352 signaeulo
1035 1265 1173 1332 interius
1203 1266 1409 1353 exteriusque
1430 1265 1500 1330 vol-

456 1367 564 1447 lrsset,
604 1389 677 1433 ecce
708 1372 842 1454 repente
872 1373 1025 1434 exortum
1056 1373 1107 1434 est
1146 1369 1182 1434 in
1213 1369 1357 1436 tenebris
1387 1368 1500 1433 lumen

457 1469 575 1550 rectis,l
599 1477 634 1536 et
655 1469 807 1559 splendor
827 1471 941 1536 illuxit
963 1471 1086 1538 divinae
1108 1471 1276 1552 claritatis,
1292 1472 1404 1558 solque
1425 1493 1500 1538 suos

457 1573 611 1659 patefecit
632 1574 739 1640 radios
760 1574 1011 1660 tenebrosasque
1032 1573 1202 1662 profundae
1222 1575 1328 1640 noctis
1350 1575 1503 1661 dispersit

456 1676 592 1762 abyssos
604 1701 614 1758 ;
650 1675 719 1742 dies
755 1677 852 1765 petilo
884 1681 964 1742 ente
1001 1677 1210 1744 absconditus
1247 1678 1431 1764 prorumpit
1467 1678 1503 1741 in

456 1780 570 1859 lucem,
601 1801 794 1866 omnemque
815 1779 982 1847 eohortem
1004 1779 1126 1846 invitat
1148 1785 1282 1848 tantum
1303 1781 1446 1845 revereri
1469 1785 1504 1846 et

457 1882 592 1970 diligere
622 1883 808 1969 principem.
861 1883 1020 1949 Videntes
1042 1904 1119 1948 vero
1142 1883 1199 1969 qui
1228 1883 1389 1948 affuerant
1410 1904 1503 1948 sanc-

456 1992 527 2050 tum
548 1985 634 2073 regis
666 1986 719 2052 sui
740 1985 922 2052 orationem
945 1985 991 2051 sic
1021 1985 1201 2073 profecisse,
1234 1985 1503 2074 glorificaverunt

458 2087 566 2154 Deum
588 2089 646 2176 qui
667 2087 774 2156 salvos
794 2088 874 2155 facit
903 2093 1070 2176 sperantes
1091 2089 1127 2155 in
1149 2109 1190 2156 se.

512 2533 761 2603 (formicino.
808 2536 1028 2624 Comparatio
1051 2544 1250 2604 aamercort
1273 2559 1393 2624 reprom
1419 2545 1449 2604 ct

707 2637 819 2704 nostri
844 2639 1006 2728 temporis
1028 2639 1247 2706 sacerdotum.

287 2847 418 2913 compari·
504 2839 750 2919 Communes
773 2839 800 2905 si
833 2838 950 2927 placet,
973 2839 1097 2906 talibus
1127 2839 1267 2927 regibus,
1290 2839 1501 2919 dilectissimi,

285 2917 447 3048 ffyffiffi
458 2946 563 3009 nostri
584 2944 740 3031 temporis
769 2943 958 3020 sacerdotes,
990 2942 1047 3029 qui
1069 2944 1105 3007 in
1127 2944 1267 3010 sacrario
1289 2944 1426 3009 Domini
1448 2944 1502 3009 die

287 3050 390 3099 sacha
458 3055 621 3136 noctuque
659 3046 823 3114 deservire
844 3046 1010 3124 videntur,
1045 3050 1080 3111 et
1117 3046 1211 3113 vnlde
1248 3046 1428 3133 imperfecti
1466 3047 1501 3111 in

285 3116 435 3233 ffllfflbem
456 3174 568 3218 eorum
601 3152 817 3218 aestimatione
848 3150 1066 3215 invenientur.
1122 3148 1187 3230 Qui
1220 3150 1308 3215 enim
1346 3150 1503 3217 deberent

286 3258 387 3328 mmet
455 3277 547 3342 reges
571 3278 639 3320 esse
663 3258 697 3320 et
718 3253 1048 3339 sacerdotes-reges
1071 3250 1224 3318 videlicet
1245 3252 1406 3319 subiectos
1437 3252 1502 3317 sibi

284 3316 490 3434 &diesin
513 3358 687 3424 sanctitate
709 3358 788 3423 vitae
810 3356 1021 3443 protegendo,
1044 3356 1226 3421 sacerdotes
1247 3362 1359 3422 autem
1381 3357 1503 3443 seipsos

285 3464 341 3515 Ψ*
454 3459 520 3525 Dei
541 3460 649 3524 laudis
670 3458 882 3525 sacrificium⁹
904 3458 1186 3546 offerendo-ipsi
1205 3458 1368 3525 talentum
1390 3482 1411 3525 a
1432 3458 1503 3525 Do
1576 3472 1581 3481 '

453 3562 543 3626 mino
565 3561 758 3648 acceptum³
792 3563 829 3627 in
849 3568 939 3627 terra
969 3560 1142 3627 defodiunt
1165 3567 1199 3628 et
1229 3563 1400 3649 pecuniam
1432 3562 1502 3627 eius

452 3664 598 3731 districte
619 3686 694 3730 cum
716 3665 845 3730 venerit
866 3663 1095 3751 requirendam
1127 3664 1170 3731 sd
1191 3686 1325 3731 usuram
1345 3687 1412 3732 non
1442 3686 1500 3731 ex-

451 3768 604 3850 tendunt,
637 3768 674 3832 in
706 3768 847 3855 torporis
881 3768 933 3833 sui
966 3768 1173 3855 negligentiis
1204 3767 1354 3833 dissoluti
1383 3768 1499 3847 iacent,

452 3872 576 3960 vixque
607 3870 649 3937 de
681 3872 765 3937 lecto
795 3870 1003 3958 aegritudinis
1036 3892 1104 3936 suae
1134 3870 1310 3956 aliquando
1343 3892 1501 3958 exurgere

452 3976 586 4058 valent3
627 3974 736 4061 sicque
765 3973 897 4041 solliciti
928 3972 1066 4039 terrenis
1100 3973 1338 4061 cupiditatibus
1359 3972 1499 4052 inhient,

453 4086 493 4146 ut
526 4078 569 4146 ad
603 4076 785 4165 spiritualia
814 4076 905 4142 lucre
930 4080 1118 4142 sanctarum
1149 4076 1333 4141 animarum
1357 4099 1424 4143 non
1449 4079 1501 4142 in-

453 4186 616 4263 tendant;
638 4182 742 4269 fitque
764 4200 838 4246 cum
861 4182 1007 4267 pastores
1031 4200 1130 4266 supro
1146 4179 1374 4246 custodiendos
1388 4202 1500 4269 greges

453 4307 520 4351 non
550 4295 772 4362 exerceantur,
805 4287 846 4348 ut
877 4302 955 4347 oves
987 4280 1112 4348 Christi
1144 4303 1202 4370 per
1239 4282 1399 4350 incuriam
1432 4305 1500 4349 cor·

453 4392 561 4475 ruptae
586 4387 672 4451 fame
691 4385 880 4451 moriantur.
929 4384 1028 4451 Unde
1054 4406 1112 4472 per
1135 4384 1497 4474 prophetem‘dicitur:

490 4710 654 4764 'Pam-⁴·
1026 4707 1183 4775 'merem
1197 4709 1396 4774 munus.

488 4788 670 4857 musteus]
682 4788 802 4852 flfltium,
813 4786 871 4840 MS·
1027 4788 1036 4818 ⁴
1049 4790 1113 4842 Hos.
1124 4788 1159 4842 iv.
1170 4794 1195 4841 9.
