3542 5800
447 881 511 944 106
706 895 770 944 me
803 895 850 942 on
880 894 1014 944 munuc.
1045 894 1132 944 erue
1164 894 1249 944 nur.

445 1079 623 1148 Edwinum
653 1081 747 1167 quusi
778 1101 885 1148 eomes
914 1080 1040 1167 eopulae
1068 1081 1207 1146 earnalis
1236 1079 1379 1149 advenit
1429 1077 1500 1144 Sed

445 1183 515 1270 ipee
544 1183 655 1269 potius
688 1187 761 1250 toto
791 1184 902 1252 animo
935 1183 1128 1252 intendebat
1157 1189 1198 1250 ut
1235 1187 1367 1270 gentem
1398 1203 1499 1266 quum

446 1284 560 1352 odibot
586 1283 670 1372 [od]¹
703 1286 907 1373 agnitionem
939 1286 1092 1352 veritatis
1127 1286 1312 1361 edvoouret,
1336 1289 1372 1348 et
1402 1285 1501 1348 iunio

447 1408 560 1454 vooom
600 1389 763 1474 upoutoli,2
801 1388 859 1456 uni
892 1409 972 1456 vero
1009 1387 1136 1474 sponso
1172 1387 1338 1473 virginem
1374 1391 1500 1452 esum

449 1490 618 1556 exhiberet
658 1491 796 1558 Christo.
853 1491 1004 1576 Oumque
1032 1491 1069 1558 in
1106 1489 1309 1577 provinciam
1346 1487 1499 1564 venisset,

448 1591 612 1656 loboravit
636 1594 787 1670 multum,
812 1599 852 1658 ut
876 1598 911 1659 et
934 1593 1067 1679 eosqui
1090 1615 1199 1658 seeum
1216 1597 1389 1668 venenmt,
1412 1611 1456 1656 ne
1478 1612 1501 1655 o

448 1693 515 1762 fide
536 1694 719 1772 delicerent,
744 1695 888 1762 Domino
910 1695 1089 1762 adiuvante
1110 1692 1299 1771 eontineret
1315 1698 1350 1760 et
1364 1691 1499 1776 aliquos,

448 1794 476 1860 oi
501 1796 587 1864 forte
613 1803 729 1882 posset,
761 1797 802 1863 de
828 1797 966 1884 peguuie
995 1797 1038 1862 ud
1060 1796 1139 1863 fidei
1161 1795 1304 1884 gratiam
1325 1791 1501 1880 preeundo³

208 1986 210 1990 .
447 1903 658 1964 converteret.
714 1898 780 1964 Sed
809 1899 895 1964 siout
916 1897 1082 1984 opoetolue
1114 1896 1186 1975 ait,‘
1215 1897 1367 1983 quumvis
1393 1895 1500 1961 multo

308 2041 311 2046 ι
448 2005 595 2086 tempore
624 2001 683 2066 illo
712 2001 883 2066 laborante
917 2001 953 2064 in
983 1999 1073 2064 Deo:
1110 2008 1129 2034 “
1143 1997 1234 2065 Deus
1259 1998 1370 2065 eaeouli
1399 1997 1499 2063 huium

448 2102 626 2170 exoteeuvit
647 2108 774 2170 mentes
796 2103 989 2181 infidelium,
1005 2123 1047 2168 ne
1069 2102 1116 2168 eie
1138 2102 1279 2188 firlgeret
1300 2099 1501 2167 illuminatio

448 2205 612 2290 evangelii
634 2205 746 2291 gloriae
771 2202 922 2272 christi?

280 2317 348 2368 AD.
362 2323 419 2370 ero.
492 2306 591 2372 Anno
621 2312 732 2372 eutem
762 2312 918 2392 sequente
947 2304 1042 2373 venit
1069 2306 1108 2372 in
1136 2304 1339 2392 provinciam
1354 2304 1501 2389 ¹quidum

279 2383 403 2500 Ξζᾚᾞ
447 2408 588 2482 sicarius,
624 2409 782 2474 vocabulo
810 2409 979 2487 Eumerus,
1014 2407 1132 2474 mimus
1155 2431 1177 2472 a
1204 2429 1282 2494 rege
1308 2406 1502 2474 Oeuidentu·

279 2466 419 2594 reuulsu-
446 2511 529 2576 lium
555 2509 731 2588 Saxonum,
756 2511 890 2576 nomine
915 2510 1138 2591 Quinohelmo
1170 2531 1304 2595 sperone
1332 2531 1366 2574 se
1389 2530 1502 2594 regem

279 2583 413 2700 {ffing
448 2611 624 2678 Edwinum
649 2635 749 2699 regno
773 2613 871 2678 simul
898 2589 1035 2678 et⁰vitu
1057 2612 1284 2698 privaturum:
1318 2611 1376 2696 qui
1400 2611 1503 2676 hebe-

446 2713 506 2780 bot
527 2715 627 2780 sicem
649 2714 818 2802 bicipitem
839 2715 1029 2790 toxiootmu
1045 2720 1085 2779 ut
1107 2713 1136 2779 si
1160 2713 1239 2780 ferri
1254 2710 1375 2779 vulnus
1389 2713 1501 2779 minue

446 2819 489 2884 ad
526 2823 665 2884 mortem
704 2817 790 2905 regio
827 2816 996 2894 suffioeret,
1035 2820 1126 2903 peste
1163 2816 1335 2883 iuvaretur
1371 2814 1500 2882 veneni.

447 2921 603 2989 Pervenit
632 2925 743 2988 autem
773 2920 817 2987 od
845 2942 955 3008 regem
992 2920 1097 3007 primo
1135 2918 1189 2985 die
1227 2918 1367 2996 Poeobae,
1403 2918 1501 2984 iuxta

447 3046 577 3091 omnem
612 3024 891 3099 Dorwenoionem,
922 3022 982 3088 ubi
1022 3027 1104 3088 tuno
1138 3027 1210 3087 eret
1247 3022 1329 3087 villo
1371 3022 1499 3108 regulis,

446 3126 651 3213 inuovitque
674 3132 767 3213 quusi
789 3122 946 3191 nuntium
968 3124 1094 3190 domini
1108 3125 1161 3189 eui
1182 3124 1343 3190 referens:
1367 3128 1403 3189 et
1425 3144 1500 3189 oum

446 3228 634 3297 simulatam
666 3228 863 3316 legationem
904 3248 960 3293 ore
989 3224 1111 3292 eetuti⁶
1143 3227 1301 3298 volveret,
1329 3227 1502 3291 exurrexit

446 3336 588 3416 repente,
615 3333 650 3395 et
675 3330 850 3416 evaginate
876 3329 938 3395 sub
963 3333 1056 3393 veste
1079 3328 1147 3393 eioe
1169 3328 1331 3413 impetum
1354 3327 1434 3393 feeit
1462 3328 1500 3393 in

446 3452 562 3517 regem.
610 3431 707 3511 Quod
732 3452 807 3495 eum
833 3431 963 3496 videret
989 3429 1076 3494 Lillu
1099 3429 1251 3495 minister
1279 3429 1350 3515 regi
1372 3430 1498 3495 amicio-

446 3532 555 3608 simuu
580 3554 648 3599 non
669 3532 794 3598 hebens
816 3537 946 3598 eoutum
964 3530 1009 3597 od
1022 3553 1157 3596 menum
1177 3553 1242 3617 quo
1260 3553 1370 3619 regem
1386 3554 1407 3596 o
1420 3553 1499 3597 neoe

308 3664 311 3669 ·
446 3634 642 3709 defenderet,
673 3656 752 3700 mox
781 3634 981 3721 interposuit
1010 3655 1127 3719 eorpus
1158 3656 1254 3699 suum
1291 3638 1370 3701 ente
1395 3634 1499 3699 ietmn

446 3737 645 3825 pungentis:
670 3737 727 3803 sed
757 3741 853 3803 tento
882 3737 920 3802 vi
949 3736 1054 3802 hostis
1080 3735 1204 3802 ferrum
1230 3736 1351 3813 infixit,
1376 3741 1417 3801 ut
1439 3757 1500 3821 per

446 3860 561 3927 eorpus
581 3838 697 3905 militie
721 3839 818 3907 oeeisi
843 3838 944 3906 etiam
966 3859 1077 3925 regem
1099 3838 1295 3903 vulneruret
1342 3837 1409 3917 Qui
1424 3860 1498 3903 oum

445 3960 524 4008 mox
546 3941 693 4026 undique
714 3940 832 4027 gladiio
852 3940 1075 4026 impeteretur,
1092 3939 1129 4003 in
1143 3940 1213 4025 ipeo
1227 3940 1376 4005 tumultu
1397 3939 1500 4005 etium

444 4044 544 4109 alium
577 4045 618 4110 de
650 4043 819 4119 militibus,
851 4042 905 4107 oui
941 4062 1063 4106 nomen
1100 4048 1173 4108 erut
1210 4040 1400 4121 Fortheruu,
1431 4042 1500 4107 eioe

444 4146 586 4213 refunde
606 4145 753 4231 peremit.

476 4548 674 4681 ἑζᾶὲοῖωχῑΜέ
1030 4614 1136 4666 ‘econ
1149 4616 1183 4665 iv.
1195 4621 1219 4665 4.

476 4708 639 4777 ⁸precando]
687 4708 854 4773 predicando,
883 4708 944 4759 Bed-
1029 4720 1139 4787 tantuli]
1153 4720 1314 4780 ostthBed,

445 4792 476 4845 Η.
488 4791 517 4842 E.
529 4790 556 4841 ii.
570 4792 592 4840 9.
