3542 5800
461 887 507 937 nr
528 885 645 937 casura
667 885 789 938 mauu
810 884 948 937 suou-
958 885 994 936 11.
1019 873 1069 938 64.
1230 873 1291 938 291

250 1363 500 1436 Commoda.
560 1361 627 1432 Ubi
656 1361 878 1430 AEttelbertoa
903 1361 951 1432 cd
974 1361 1065 1448 repis
1103 1359 1297 1432 ttotmmaa

680 1463 863 1534 ducimur.

268 1712 273 1722 .
294 1655 351 1726 Ur
372 1658 461 1727 anim
482 1656 566 1726 tuba
586 1658 678 1726 vocis
706 1658 778 1726 eius
799 1657 843 1726 ad
864 1679 940 1724 eum
966 1657 1154 1748 pertingere
1175 1660 1294 1748 potuit
1309 1669 1441 1726 urinum

250 1761 463 1829 Gwinbertus
504 1783 614 1849 regem
646 1759 891 1829 AEthelbertum
930 1761 1070 1828 elamore
1107 1762 1295 1832 huiusmodi
1306 1753 1448 1858 fflffl

248 1864 433 1954 appellavit
480 1865 643 1954 “Optime
671 1864 846 1943 advenisti,
869 1865 1020 1953 princeps
1048 1865 1451 1946 desiderabilis31n200ffa'·

248 1991 401 2056 prospers
423 1967 488 2035 aiei
511 1973 630 2034 cunm
650 1967 727 2048 sine,
750 1967 935 2034 adolescens
957 1968 1151 2056 spectabilis
1198 1954 1431 2050 curem·

249 2073 329 2160 quid
357 2073 523 2160 petiturus
552 2071 725 2151 aocoesbti,
762 2092 972 2158 nequaquam
1005 2071 1180 2140 difficulter
1209 2073 1295 2140 obti-

248 2175 351 2256 nebis,
374 2181 409 2241 et
430 2176 519 2262 quod
551 2175 662 2240 animo
693 2175 883 2241 deliberasti
913 2175 957 2240 ad
987 2181 1103 2243 votum
1125 2181 1295 2264 gratanter

248 2277 401 2366 explebis.
447 2279 498 2343 Ea
526 2277 674 2365 loquitur
703 2278 856 2344 dominus
885 2299 999 2359 meus;
1032 2277 1092 2345 hoc
1123 2279 1295 2367 pollicetur

247 2403 307 2446 rex
350 2405 461 2459 meus3
508 2381 622 2446 eadem
665 2381 731 2447 tibi
775 2380 919 2468 delegari
961 2381 1104 2470 imperat
1145 2383 1295 2472 princeps

248 2505 347 2551 meus.
408 2485 451 2550 ln
488 2484 642 2552 accubitu
673 2484 796 2573 quippe
840 2507 901 2551 auc
943 2507 1054 2574 regem
1095 2486 1203 2554 Offarn
1244 2488 1295 2552 in·

247 2589 521 2671 maiesataam
554 2587 705 2656 resideris
733 2609 842 2654 coram
872 2609 919 2669 eo,
944 2589 1099 2676 quaelibet
1128 2591 1295 2680 postulata

248 2713 322 2758 cum
343 2713 452 2757 amore
480 2691 645 2779 percipies
697 2690 856 2758 Percndie
888 2691 977 2758 enim
1010 2694 1135 2760 minuit
1163 2693 1293 2783 magiri-

248 2817 324 2889 nam
346 2815 406 2861 nec
431 2793 532 2861 audet
554 2795 619 2860 diei
641 2794 818 2860 admittere
848 2795 1040 2863 claritatem.
1087 2795 1294 2864 Introeamus
1337 2843 1339 2848 ,

247 2900 384 2988 proinde
413 2898 510 2965 ambo
539 2897 664 2986 pariter
691 2897 734 2963 ad
763 2904 932 2986 aspectum
963 2902 1106 2987 tyranni,
1131 2902 1294 2969 adventus

248 3004 300 3068 tui
328 3022 459 3068 causam
489 3000 540 3067 illi
568 3001 764 3088 quantocius
793 3003 1001 3089 exposituri;
1039 3004 1148 3089 sitque
1181 3006 1293 3092 presul

249 3127 270 3169 a
299 3105 393 3171 nobis
430 3125 569 3192 quaeque
599 3102 811 3190 frequentia.'’
859 3104 969 3191 [Fecit
998 3106 1065 3193 vir]
1096 3106 1161 3173 Dei
1183 3130 1295 3175 sccun-

249 3209 327 3275 dum
357 3208 528 3275 consilium
560 3206 625 3272 riri
663 3207 832 3294 saugumis
870 3211 905 3273 et
938 3207 1051 3290 dolosi,
1082 3214 1182 3297 atque
1211 3232 1295 3299 equo

248 3312 398 3379 desiliens
424 3310 625 3398 proditorem
655 3332 750 3375 suum
780 3309 942 3377 bracchiis
968 3316 1003 3377 et
1030 3312 1183 3380 manibus
1205 3312 1297 3381 festi-

248 3417 344 3482 navit
380 3414 540 3503 amplecti.
600 3412 630 3477 E
668 3434 824 3479 converso
861 3412 919 3481 ille
956 3414 1045 3502 pacis
1082 3415 1113 3483 ci
1150 3418 1295 3485 osculum

248 3520 441 3585 familiarius
477 3515 627 3594 tradidit,
665 3516 724 3582 aed
761 3516 865 3583 cordis
898 3517 1081 3605 perfidiam,
1113 3542 1187 3609 quae
1218 3530 1294 3613 post

248 3623 365 3711 patuit,
391 3644 460 3687 non
490 3619 643 3687 ostendit.
703 3618 857 3686 Traditor
887 3626 998 3688 autem
1021 3624 1076 3690 ille
1099 3626 1187 3691 ocius
1213 3647 1295 3716 prae-

248 3726 354 3807 eemit,
376 3724 522 3791 traditus
550 3744 631 3790 vero
660 3722 816 3810 subsequi
844 3726 1043 3815 properavit,
1071 3733 1207 3815 etpost
1241 3752 1295 3796 eos

249 3830 418 3896 obseratur
446 3830 556 3909 ianua,
586 3848 661 3913 quea
691 3827 807 3893 ceteris
837 3828 1092 3895 advenientibus
1119 3850 1187 3897 asse
1210 3832 1294 3900 solet

248 3938 368 4021 aperta
417 3930 501 3997 (lum
524 3930 567 3995 ad
590 3930 711 3996 ostium
733 3930 872 3995 thalami
895 3932 931 3996 in
954 3952 1019 4019 quo
1044 3954 1104 3999 rex
1126 3937 1199 3999 erat
1220 3954 1294 3999 cum

249 4037 395 4103 maxima
416 4032 698 4121 congratulatione
721 4034 922 4113 acoederent,
942 4039 978 4100 et
1000 4040 1138 4123 uterque
1158 4036 1295 4103 introire

249 4140 316 4205 iam
345 4138 476 4224 iamque
505 4136 591 4203 alter
620 4137 760 4202 alterum
793 4137 974 4223 praevenire
1012 4138 1190 4219 studerent,
1220 4162 1295 4228 pro·

249 4244 338 4309 ditor
374 4241 477 4307 animi
513 4239 766 4327 simplicitatem,
802 4260 868 4326 qua
905 4240 1044 4321 carebat,
1075 4240 1143 4307 sola
1173 4243 1295 4331 lingum

250 4345 413 4413 blanditia
439 4340 618 4424 simulans,¹
649 4347 684 4407 et
705 4342 918 4429 iniquitatem
949 4344 1053 4411 cordis
1080 4344 1184 4413 dolosi
1205 4348 1296 4413 nulla

250 4454 331 4515 ncta
352 4446 571 4535 malignitatis
593 4450 768 4524 ostentans,
795 4445 987 4533 “Depone‘’
1006 4448 1123 4534 inquit,
1150 4456 1294 4537 “quaeso,

251 4574 311 4618 rex
348 4549 561 4630 AEthelberte,
584 4548 730 4613 balteum
753 4547 882 4615 militiae
912 4554 947 4616 et
979 4550 1125 4637 gladium
1162 4574 1294 4639 urspen-

459 4866 462 4873 -
600 4832 749 4900 'dasium
761 4832 881 4899 ciuiuus,
892 4832 948 4889 Me.
1186 4919 1206 4983 2

1145 4934 1166 4981 'l'
