3542 5800
492 868 556 929 386
749 880 815 930 ruo.
841 879 888 929 nn
908 878 1045 929 eramo.
1069 878 1160 929 senc
1184 880 1270 929 nrsr.

326 1080 391 1145 Rog.
494 1070 679 1153 pugnantes
702 1063 890 1131 infidelibus
910 1066 968 1131 din
985 1066 1136 1131 vicerunt
1153 1070 1187 1131 et
1209 1087 1353 1153 paganos
1369 1067 1406 1131 in
1425 1066 1537 1153 fugam

326 1147 418 1264 {iffi
432 1148 483 1199 ⁸¹¹⁶
494 1168 721 1254 compulerunt
733 1192 741 1248 ;
779 1168 836 1233 sed
871 1168 938 1234 illis
974 1169 1106 1235 demum
1142 1170 1384 1236 revertentibus
1424 1175 1538 1234 contra

327 1280 433 1331 Westm.
496 1270 707 1352 Christianos,
723 1292 797 1336 oum
811 1271 950 1337 victoria
966 1279 1174 1337 recesserunt.
1218 1272 1365 1337 Tandem
1383 1271 1539 1358 praefatus

328 1346 396 1397 AD.
409 1352 465 1399 ⁸⁷¹·
496 1372 748 1437 westsaxonum
774 1394 835 1438 rex
861 1372 1058 1438 Ethelredus
1082 1372 1251 1439 laboribus
1280 1373 1406 1439 bellicis
1428 1374 1538 1438 multi-

328 1452 456 1580 ssffissdf,
494 1474 624 1562 pliciter
643 1474 801 1542 infractus
820 1475 914 1562 regni
931 1476 983 1541 sui
1004 1498 1091 1541 anno
1111 1478 1236 1562 quinto,
1256 1496 1343 1541 nono
1365 1476 1432 1541 kal.
1456 1475 1537 1541 Maii

330 1588 393 1651 Apr.
410 1592 450 1645 2³,
496 1576 584 1643 diem
610 1598 706 1643 suum
730 1576 849 1645 clausit
874 1583 1068 1643 extromum.
1126 1579 1200 1659 Quo
1223 1579 1313 1664 regio
1336 1600 1427 1643 mors
1452 1579 1539 1665 apud

329 1669 370 1772 ζ’·
385 1668 455 1719 '⁶3³'
498 1678 717 1745 Winburnam
737 1680 875 1767 sepulto,
896 1679 1050 1745 Alfmdus
1068 1680 1139 1745 sive
1158 1679 1323 1745 Aluredus
1341 1679 1537 1756 hetereius,

498 1782 557 1867 qui
582 1782 673 1869 prius
692 1782 806 1848 Romae
826 1804 847 1845 a
872 1803 958 1870 papa
977 1781 1090 1849 Leone
1116 1804 1269 1848 coronam
1295 1788 1481 1869 susceperat
1506 1788 1540 1847 et

498 1884 621 1971 regiam
658 1884 854 1967 unctionem,
897 1885 1002 1949 totius
1040 1884 1133 1971 regni
1171 1884 1260 1949 illius
1298 1906 1374 1951 cum
1412 1906 1540 1949 summa

499 1986 645 2052 omnium
671 1988 852 2053 accolarum
881 1986 1008 2063 laetitia,
1034 1992 1131 2072 prout
1162 1987 1198 2051 in
1231 1987 1382 2073 proximo
1405 1986 1540 2051 inferius

499 2088 651 2171 dicemus,
674 2086 895 2176 gubernacula
917 2089 1067 2175 suscepit

545 2289 657 2377 Igitur
681 2292 866 2378 regulorum
896 2290 964 2355 sive
992 2289 1241 2377 subregulorum
1269 2290 1401 2377 Angliae
1438 2295 1540 2377 gesta

500 2398 598 2480 prout
617 2416 660 2459 ex
680 2394 816 2459 diversis
838 2392 1033 2480 scriptorum
1053 2392 1273 2458 monumentis
1288 2392 1432 2465 Domino
1451 2392 1542 2457 adiu-

499 2500 600 2561 vante
626 2494 799 2581 compilare
820 2495 997 2581 potuimus,
1021 2494 1097 2560 huie
1115 2494 1205 2580 operi
1225 2499 1384 2560 annotare
1401 2494 1543 2560 docrevi-

499 2618 572 2663 mus
583 2621 593 2678 ;
615 2602 650 2663 et
671 2597 750 2684 quia
771 2598 838 2663 iam
861 2596 1112 2661 monarchorum
1133 2597 1230 2661 istius
1255 2598 1348 2685 regni
1366 2596 1540 2683 Anglicani

500 2704 648 2787 tempora
673 2699 853 2785 attigimus,
869 2698 976 2785 placet
1002 2698 1151 2764 Secundo
1175 2698 1275 2764 Libro
1303 2701 1398 2765 istius
1412 2698 1541 2784 Speculi

500 2802 600 2867 finem
629 2802 816 2889 imponere;
842 2806 1032 2887 sequentem
1056 2801 1178 2867 librum
1204 2800 1350 2868 historiae
1375 2801 1541 2889 praesentis

500 2905 542 2970 ab
574 2905 711 2972 Alfredo
749 2906 818 2971 sive
848 2905 1003 2985 Alured0,
1039 2905 1095 2990 qui
1129 2905 1259 2992 Angliae
1293 2904 1540 2971 monarchorum

500 3009 658 3074 extiterat
701 3007 834 3095 primus,
875 3006 1059 3094 opitulante
1102 3007 1245 3072 Domino
1289 3015 1378 3074 recto
1431 3007 1543 3072 ordino

501 3111 702 3176 inchoantes.

578 3317 731 3404 Explicit
753 3317 854 3384 Lites
874 3317 1053 3386 semotas
1074 3317 1212 3405 Speculi
1234 3317 1446 3384 Historioils.

882 4020 952 4067 END
974 4020 1018 4068 OF
1039 4019 1116 4068 VOL·
1141 4021 1161 4068 1.

960 4647 1086 4692 LONDON
1094 4665 1100 4692 z

651 4719 1404 4827 ammo

803 4833 1169 4887 ForHorllnicaty'sstotionery
1177 4835 1253 4878 Offire.
1355 4846 1357 4849 ·
