3542 5800
441 845 508 908 222
708 853 773 905 rue.
797 851 1000 904 onerasse.
1023 851 1112 902 sese.
1136 851 1223 902 2222.

439 1048 551 1108 ratur:
591 1047 689 1109 tanta
717 1048 796 1109 sunt
827 1043 867 1108 de
898 1043 955 1108 illo
992 1063 1066 1128 quae
1096 1042 1266 1108 indubiam
1298 1043 1493 1129 depromant

267 1161 399 1213 suerso!
439 1147 547 1224 fidem,
575 1151 629 1213 tot
655 1152 734 1212 sunt
764 1169 839 1232 quae
870 1169 937 1212 non
967 1147 1143 1212 veniant'
1134 1167 1170 1210 1n
1199 1147 1299 1212 litem.
1362 1146 1492 1212 Habuit

267 1228 415 1360 QG&
439 1273 517 1317 sane
548 1250 611 1318 Ina
648 1273 709 1316 rex
746 1271 871 1316 sorores
911 1248 1139 1335 Outhburgam
1177 1254 1212 1314 et
1250 1249 1492 1337 Qucnburgam.

267 1364 352 1423 Quen-
440 1354 636 1442 Outhburga
661 1354 793 1420 Alfrido
818 1355 890 1440 regi
920 1353 954 1418 N
957 1353 1222 1419 orthumbrorum
1253 1361 1394 1439 nuptum
1424 1358 1491 1418 tras

266 1431 354 1495 burga
439 1460 520 1537 dita,
553 1459 610 1524 scd
640 1481 707 1523 non
735 1463 811 1545 post
841 1457 927 1522 mult
913 1463 985 1522 tum
1023 1457 1173 1542 coniugio
1204 1455 1346 1533 diducto,
1385 1459 1490 1544 primo

440 1564 528 1651 apud
559 1561 764 1647 Berkingum
802 1561 865 1626 sub
895 1560 1065 1626 abbatissa
1095 1559 1273 1634 Hildelida,
1304 1581 1383 1624 mox
1420 1561 1492 1648 ipsa

440 1666 600 1754 magistra
614 1664 736 1752 regulae
751 1663 980 1744 Winbcru'niae
995 1663 1067 1728 Deo
1088 1662 1241 1750 placitam
1263 1664 1368 1728 vitam
1383 1668 1490 1730 trans·

440 1770 516 1857 egit
577 1768 677 1833 Vicus
715 1773 765 1833 est
802 1767 899 1832 modo
937 1766 1100 1854 ignobilis,
1133 1772 1213 1831 tuno
1248 1767 1403 1853 temporis
1440 1767 1492 1832 in-

440 1873 551 1960 signis,
595 1873 630 1936 in
678 1893 744 1956 quo
784 1871 937 1956 frequens
975 1869 1142 1956 virginum
1190 1869 1304 1935 chorus
1352 1872 1491 1936 terrenis

439 1977 609 2042 desideriis
639 1974 790 2041 castratis
820 1995 953 2059 superos
991 1971 1200 2058 suspirabant
1237 1995 1370 2038 amores.
1428 1975 1492 2039 Ac·

439 2081 534 2146 cessit
558 2079 642 2144 sacri
668 2077 840 2143 coelibatus
866 2077 978 2142 studio
1002 2075 1161 2141 librorum
1192 2076 1337 2142 Aldelmi
1363 2077 1404 2143 de
1426 2079 1487 2144 vir-

424 2184 578 2270 ginitate
601 2183 705 2258 lectio,
727 2180 1003 2267 Berkingensium
1027 2179 1160 2264 quidem
1183 2181 1310 2244 nomini
1332 2181 1492 2262 dedicata,

440 2287 496 2352 sed
520 2286 672 2352 omnibus
703 2285 840 2349 eandem
870 2282 1103 2371 professionem
1133 2282 1384 2349 anhelantibus¹
1409 2285 1490 2350 vali-

269 2396 318 2446 His
330 2396 361 2446 w·
439 2396 522 2455 tura.
579 2388 712 2452 Habuit
736 2393 770 2453 et
794 2409 932 2452 uxorem
957 2386 1202 2474 Ethelburgam,
1232 2387 1386 2452 feminam
1414 2411 1491 2453 sane

347 2492 355 2581 ζ
438 2492 522 2578 regii
547 2490 676 2578 generis
706 2495 741 2555 22
771 2490 882 2556 animi.
930 2489 1012 2570 Quae
1043 2491 1122 2555 dum
1153 2491 1265 2556 crebro
1295 2491 1362 2556 viri
1383 2491 1491 2557 instil-

437 2597 522 2660 laret
552 2593 695 2670 auribus,
722 2598 761 2659 ut
791 2593 966 2658 mundanis
997 2593 1094 2658 rebus
1125 2593 1179 2658 vel
1211 2593 1366 2658 extremis
1396 2596 1492 2660 22212

437 2697 665 2773 valefacerent,
684 2704 719 2761 et
735 2696 790 2760 ille
813 2697 1003 2762 hortantem
1019 2697 1059 2762 de
1082 2696 1136 2761 die
1162 2698 1199 2762 in
1225 2697 1312 2762 diem
1336 2697 1489 2776 differret,

436 2808 512 2868 astu
542 2800 678 2865 tandem
708 2797 767 2863 illa
796 2801 928 2864 vincere
957 2806 1060 2885 parat.
1119 2799 1203 2865 Cnrn
1234 2801 1322 2864 enim
1348 2801 1491 2887 quadam

436 2906 507 2972 vice
532 2904 620 2991 apud
646 2903 761 2967 villam
785 2903 916 2989 ingenti
940 2904 1088 2969 tumultu
1111 2904 1235 2990 regales
1261 2903 1360 2969 luxus
1387 2904 1492 2991 expli·

436 3010 587 3085 cuissent,
620 3011 695 3094 post
728 3006 878 3072 triduum
916 3027 990 3070 cum
1029 3006 1254 3084 discessissent,
1295 3008 1410 3074 vilicus
1448 3030 1491 3075 ex

436 3114 560 3199 reginae
579 3109 779 3176 conscientia
800 3108 963 3195 palatium
991 3113 1116 3195 quanta
1138 3110 1249 3199 potuit
1272 3110 1490 3191 deformitate,

435 3223 507 3281 tam
539 3216 617 3280 fimo
648 3212 819 3299 pecudum,
852 3234 952 3298 quam
982 3234 1100 3300 aggere
1138 3213 1294 3279 ruderum
1328 3214 1489 3281 infamat:

436 3324 601 3407 postremo
624 3316 660 3379 in
684 3315 768 3379 lecto
790 3314 847 3379 ubi
871 3336 931 3380 rex
956 3319 990 3379 et
1013 3315 1126 3401 regina
1147 3317 1337 3395 cubuerant,
1360 3338 1492 3405 porcam

437 3422 569 3486 noviter
599 3418 732 3483 enixam
758 3416 903 3483 collocat,
959 3418 1099 3495 Interea,
1125 3440 1199 3485 cum
1230 3420 1297 3485 iam
1327 3422 1402 3509 plus
1432 3423 1493 3487 mi-

437 3523 531 3587 liario
568 3542 754 3607 processum
791 3527 885 3597 esset,
926 3520 984 3585 illa
1021 3522 1179 3587 maritum
1215 3525 1342 3590 uxoriis
1379 3526 1494 3591 delini-

436 3623 579 3691 mentis⁹
594 3624 795 3710 aggreditur,
813 3646 934 3711 rogans
955 3628 994 3688 ut
1016 3624 1125 3690 unde³
1148 3626 1298 3692 abierant
1313 3629 1493 3695 necessario

435 3728 551 3817 pedem
582 3727 749 3804 referant3
785 3727 900 3813 magni
932 3726 1128 3793 discriminis
1159 3750 1228 3794 rem
1258 3728 1333 3808 fore,
1366 3732 1395 3797 si
1425 3752 1492 3797 non

434 3830 600 3899 exaudiat.
664 3828 714 3894 Re
749 3850 817 3894 non
856 3828 1032 3895 difficulter
1069 3830 1255 3918 impetrata,
1287 3856 1347 3899 rex
1376 3835 1492 3901 videns

435 3939 542 4004 locum
565 3933 671 4023 pridie
696 3932 973 4021 Sardanapallicis
996 3933 1121 3999 deliciis
1143 3958 1263 4021 parem,
1292 3960 1381 4003 nunc
1404 3938 1493 4004 sceda

435 4040 613 4108 solitudine
651 4037 839 4113 deformem,
871 4036 1033 4114 miratur;
1067 4039 1233 4125 tacitoque
1256 4040 1377 4105 iudicio
1409 4042 1492 4107 oculi

436 4168 506 4211 rem
530 4142 761 4209 examinantes
792 4140 834 4205 ad
872 4138 1044 4205 mulierem
1075 4142 1250 4208 redierunt.
1312 4144 1404 4209 Tunc
1426 4144 1491 4221 illa,

436 4247 602 4312 occasione
619 4248 783 4329 aucupata
804 4243 984 4329 laetumque
1008 4243 1223 4321 2212122222
1227 4244 1292 4311 ‘Et
1310 4246 1369 4311 ubi
1383 4248 1483 4325 sunt,'
1476 4248 1494 4273 '¹

437 4351 494 4423 ait,
529 4356 545 4381 “
559 4346 692 4411 domine
723 4346 852 4424 coniux,
883 4346 1029 4411 hesterni
1067 4350 1248 4435 strepitust
1292 4350 1351 4415 ubi
1389 4350 1493 4418 aulaea

438 4450 583 4519 Sidoniis
608 4448 694 4513 sucis
721 4448 837 4513 ebriat
868 4449 927 4515 ubi
959 4452 1177 4538 parasitorum
1194 4452 1375 4521 discurrens
1399 4460 1501 4543 potu.

471 4752 479 4781 ¹
497 4748 940 4817 anbbnaba]hmelant1tus,MS.
1025 4756 1126 4824 222112]
1144 4756 1210 4819 inde,
1221 4758 1279 4811 MS.

471 4832 481 4860 ²
497 4828 667 4898 calamam]
687 4831 871 4888 remanentia
884 4832 940 4885 MS.
