3542 5800
469 878 537 950 2⁷0
736 897 802 946 mc
824 897 873 946 ns
894 895 1026 946 emmo
1049 895 1138 946 senc
1162 895 1247 946 nrsr.

467 1088 502 1148 et
524 1083 626 1169 longa
646 1104 690 1149 ex
712 1084 819 1150 cordis
840 1083 960 1148 intimo
991 1083 1128 1150 trahens
1158 1083 1309 1170 suspiria,
1333 1081 1376 1148 ed
1405 1081 1519 1168 magni

466 1184 594 1250 consilii
616 1185 771 1272 angelum
793 1186 978 1252 oraticnem
1000 1209 1095 1252 suem
1109 1187 1296 1252 convertit:
1321 1191 1342 1222 “
1355 1183 1520 1263 Adiuva,’'

466 1286 586 1373 inquit,
611 1294 630 1322 “
643 1309 709 1366 me,
724 1288 868 1356 Domine
890 1289 973 1356 Jesu
996 1289 1136 1370 Christe,
1158 1289 1303 1354 viventis
1325 1287 1387 1354 Dei
1410 1286 1521 1352 Patris

466 1386 659 1476 Unigenite‚
691 1391 751 1478 qui
783 1413 859 1458 enm
881 1393 996 1458 eodem
1031 1391 1131 1458 Patre
1161 1397 1196 1457 et
1227 1391 1356 1480 Spiritu
1393 1389 1518 1455 Sancto

465 1490 615 1572 crederis,
637 1499 678 1559 ut
708 1493 927 1576 confitemur,¹
951 1501 1069 1562 cuncte
1098 1495 1289 1574 condidisse,
1317 1493 1518 1579 eandemque

466 1595 550 1660 mihi
572 1596 718 1684 digneris
739 1599 915 1664 concedere
936 1597 1110 1686 virginem,
1141 1598 1169 1664 si
1191 1598 1228 1663 in
1250 1597 1383 1662 filiabus
1403 1617 1518 1682 regum

469 1698 615 1785 aliquam
636 1699 720 1766 mihi
742 1700 917 1766 decrevisti
942 1700 1056 1766 sortiri
1077 1721 1222 1766 uxorem
1267 1701 1341 1766 Aut
1370 1699 1457 1766 enim
1481 1697 1518 1763 in

466 1803 628 1890 petitione
649 1825 724 1870 mea
744 1803 913 1890 postulata
934 1803 1100 1892 accipiam,
1125 1810 1185 1870 aut
1206 1803 1243 1869 in
1265 1809 1366 1891 gente
1387 1803 1455 1882 ilia,
1478 1805 1520 1864 ut

466 1907 623 1994 praesagit
652 1927 746 1972 mens
776 1928 859 1988 meo,
890 1907 996 1973 lucem
1022 1907 1104 1974 vitae
1125 1907 1287 1972 amittam.
1332 1905 1384 1971 'Pu
1406 1910 1519 1970 temen

466 2008 547 2094 quia
579 2007 722 2095 perfecte
754 2010 839 2097 pius,
870 2009 1014 2097 perfecte
1047 2010 1153 2076 bonus
1184 2033 1228 2091 es,
1259 2009 1429 2076 committo
1455 2006 1520 2072 tibi

466 2115 574 2177 totam
601 2133 714 2178 curam
750 2133 866 2192 meam,
890 2116 931 2179 ut
959 2113 997 2177 in
1025 2113 1249 2178 misericordia
1277 2117 1339 2178 tus
1367 2111 1521 2197 disponas

467 2217 504 2278 et
526 2213 676 2299 perficias
705 2215 806 2280 eam'’
867 2214 1042 2282 Convertit
1075 2216 1176 2281 etiam
1209 2235 1244 2280 se
1276 2215 1319 2280 ad
1345 2213 1521 2300 optimates

466 2317 568 2401 regni,
592 2317 740 2403 aperiens
771 2317 820 2384 cis
850 2319 1048 2384 desiderium
1080 2319 1186 2384 cordis
1219 2317 1279 2396 sui,
1310 2317 1436 2404 talique
1465 2337 1522 2381 eos

466 2417 627 2484 allocutus
657 2423 709 2485 est
730 2421 888 2487 sermonis
919 2421 1062 2498 exordio,
1091 2443 1231 2508 quorum
1261 2441 1295 2486 se
1318 2418 1522 2506 efflagitabat

466 2521 613 2587 roborari
641 2523 777 2588 virtutis
807 2525 939 2591 amilio.
989 2523 1158 2590 “Gaudeo
1190 2525 1231 2590 dc
1261 2523 1456 2588 strenuitate
1486 2527 1522 2587 et

466 2624 634 2710 probitate
649 2631 767 2704 vestra,
780 2627 1017 2694 commilitones
1040 2627 1268 2714 egregiique
1289 2647 1348 2692 vos
1370 2623 1523 2691 suffultos

466 2727 663 2795 fortitudine
693 2730 789 2796 bonae
818 2731 940 2796 mentis
966 2731 1093 2818 cgnovi
1140 2729 1251 2810 Quare
1272 2749 1456 2816 praemoneo
1478 2747 1522 2793 ne

466 2831 510 2898 ab
531 2833 661 2921 incepta
687 2833 872 2901 intentione
894 2839 1073 2900 retrorsum
1096 2833 1193 2900 corda
1215 2832 1368 2913 flectatis,
1390 2851 1521 2897 verum·

466 2937 602 3003 tamen²
616 2960 698 3025 opus
712 2938 834 3004 initum
856 2942 989 3005 stream
1004 2958 1131 3004 mecum
1154 2937 1285 3024 explere
1307 2934 1521 3002 contendatis

467 3039 655 3108 Adeamus⁸
676 3062 753 3107 oum
774 3042 896 3107 fiducie
914 3040 1031 3129 gratim
1045 3040 1110 3105 Dei
1124 3038 1352 3105 maiestatem⁴
1375 3039 1519 3126 tyranni,

467 3144 733 3230 quandoquidem
763 3144 860 3209 nobis
894 3148 945 3209 est
977 3164 1047 3209 sors
1080 3142 1304 3209 huiuscemodi
1335 3142 1521 3230 appetenda

466 3246 620 3315 consilii''
666 3246 795 3313 Favent
816 3246 957 3333 denique
980 3266 1092 3311 omnes
1114 3244 1213 3333 regiis
1234 3244 1411 3324 voluntati,
1428 3249 1463 3309 et
1483 3264 1520 3309 se

465 3354 587 3435 praesto
609 3370 679 3415 esse
709 3353 872 3426 astruunt,
903 3370 1097 3435 quecunque
1127 3368 1181 3413 eos
1211 3348 1325 3414 iubeat
1350 3345 1520 3435 proficisci.

468 3450 557 3530 Quid
588 3450 705 3540 plorat
758 3452 834 3519 Sole
864 3455 982 3517 ruente
1013 3450 1083 3517 dies
1113 3448 1287 3529 clauditur,
1315 3455 1350 3515 et
1383 3470 1444 3515 rex
1481 3450 1519 3513 in

466 3553 615 3621 cubich
651 3560 748 3620 noete
784 3554 980 3621 collocatur:
1026 3553 1164 3642 apponit
1208 3554 1329 3640 quietis
1371 3552 1520 3617 membra

466 3656 582 3743 sopori
628 3655 772 3723 Faciunt
792 3662 827 3723 ct
848 3657 937 3723 idem
952 3657 1211 3724 obsecundantes
1232 3657 1320 3721 viri:
1344 3656 1520 3743 quiescunt

465 3764 666 3845 pernoctem
688 3764 723 3825 et
747 3758 914 3825 dormiunt
936 3760 1007 3847 ipsi.
1052 3758 1228 3825 Transactc
1257 3760 1370 3845 itaque
1400 3758 1518 3825 mcdiae

465 3863 571 3929 noctis
608 3862 724 3949 spatio,
764 3868 799 3927 et
835 3868 982 3949 tempore
1020 3862 1139 3948 quietis
1184 3884 1252 3928 sues
1289 3864 1519 3929 incrmctanter

466 3988 605 4044 emenso,
629 3988 688 4033 rex
709 3965 881 4055 religiosus
904 3966 947 4031 ad
969 3964 1153 4031 faciendum
1175 3986 1256 4053 opus
1282 3965 1348 4033 Dei
1369 3970 1519 4033 matmat

465 4054 623 4158 exurgere
655 4073 690 4135 et
722 4068 759 4133 in
790 4068 896 4135 cordis
927 4066 1031 4134 iubilo
1062 4066 1177 4135 faciem
1202 4066 1338 4133 Domini
1371 4066 1408 4131 in
1439 4088 1515 4133 con-

463 4172 601 4238 fessione
622 4172 813 4260 praevenire
861 4170 1056 4257 Ingrediens
1086 4174 1197 4236 eutem
1220 4170 1388 4237 ecclesiam
1410 4171 1516 4237 omni·

464 4275 609 4361 potentis
647 4276 711 4343 Dei
748 4274 1002 4341 misericordiam
1039 4274 1238 4363 deprecatur,
1276 4280 1315 4341 ut
1352 4273 1410 4341 via
1445 4274 1517 4341 eius

501 4658 508 4689 ¹
520 4656 677 4724 confitemur]
693 4656 867 4719 confiteamur,
879 4657 937 4709 MS.
1040 4659 1049 4689 ⁸
1061 4656 1197 4725 Adeamus]
1212 4658 1332 4722 Acamas,
1342 4657 1399 4713 MS.

466 4736 706 4870 ugVersntom]
730 4737 938 4803 verumptamen,
1002 4776 1005 4783 .
1040 4734 1473 4809 ⁴matcmen1mageam,ita
