3542 5800
475 832 539 905 376
732 850 798 901 arc.
821 850 867 901 nn
889 850 1022 901 mamre
1045 850 1137 901 erac.
1159 852 1247 901 mer.

475 1058 568 1103 suam
597 1036 816 1105 committunt
879 1036 1114 1105 Verumtamen
1142 1038 1179 1103 in
1215 1038 1275 1105 hoc
1311 1036 1516 1116 laborabant,

476 1145 603 1206 utnon
624 1140 721 1205 modo
744 1140 881 1219 sentina,
905 1139 963 1204 sed
985 1146 1020 1208 et
1036 1140 1239 1207 irruentibus
1260 1140 1358 1207 undis
1379 1140 1516 1227 puppim

476 1240 625 1306 certatim
655 1244 876 1328 exportarent.
922 1241 996 1322 Quo
1019 1264 1079 1330 per
1105 1242 1244 1308 biduum
1271 1242 1387 1308 iactati
1414 1240 1516 1306 infor-

475 1342 595 1409 tunio:
634 1364 706 1430 spes
750 1344 857 1409 omnis
894 1344 1057 1411 evadendi
1100 1345 1252 1432 perierat.
1298 1344 1371 1411 Iam
1405 1344 1514 1411 tertia

474 1445 579 1511 noctis
614 1445 801 1512 labentibus
836 1446 963 1512 umbris
998 1447 1059 1512 lux
1095 1453 1210 1535 optata
1240 1451 1443 1527 successerat,
1479 1450 1515 1512 ct

475 1569 545 1613 ecce
568 1549 754 1633 praemissus
780 1548 992 1615 Nonnonnus
1021 1549 1133 1617 labore
1161 1550 1285 1637 pariter
1309 1549 1455 1616 defectus
1479 1554 1515 1614 et

475 1650 608 1716 horrore
644 1648 813 1737 paululum
850 1650 1029 1717 dormitare
1070 1658 1219 1739 coeperat.
1286 1651 1350 1719 cui
1386 1651 1516 1738 elegans

475 1774 612 1840 persona
649 1753 734 1818 claro
771 1759 905 1841 aspectu
940 1758 976 1820 et
1011 1754 1152 1820 iocundo
1195 1754 1300 1819 affatu
1344 1753 1515 1819 confestim

476 1855 594 1935 astitit,
624 1860 854 1941 arreptumque
884 1856 1057 1921 humerum
1081 1858 1151 1922 eius
1179 1855 1299 1922 blande
1328 1854 1515 1921 concutiens

476 1958 547 2023 ait:
583 1964 600 1993 “
617 1957 684 2023 Cur
709 1958 816 2035 inerti,
843 1956 1044 2035 Normanne‚
1071 1957 1262 2045 deprimeris
1293 1980 1415 2037 somno,
1444 1961 1515 2021 lam

476 2060 637 2125 horrendo
666 2060 807 2126 vallatus
840 2061 1008 2147 periculo?
1051 2060 1304 2149 Expergiscere:
1341 2060 1421 2126 fidei
1449 2065 1515 2125 tor·

475 2190 586 2255 porem
606 2174 730 2234 excute.
774 2168 865 2235 Tolle
888 2168 975 2253 quod
997 2168 1078 2233 collo
1098 2167 1237 2233 inhaeret
1255 2167 1512 2255 phylacterium:

475 2272 592 2337 invoca
627 2271 721 2335 illum
758 2270 850 2335 ouius
875 2270 1053 2357 insignitur
1088 2270 1220 2335 nomine
1256 2269 1321 2335 tibi
1356 2270 1514 2357 sociisque

312 2375 368 2427 MS.
380 2376 411 2433 Β.
475 2374 542 2439 tuis
567 2374 842 2459 tranquillitatem
866 2378 1061 2459 optenturus
1084 2373 1185 2458 ipsius
1211 2372 1403 2437 iuvamine.”
1448 2372 1513 2452 Qui

312 2444 353 2495 Μ’
368 2444 451 2496 ¹⁰⁵b'
474 2477 588 2542 statim
618 2476 764 2555 exiliens,
795 2479 830 2540 et
858 2480 998 2560 utraque
1027 2497 1127 2540 manu
1163 2474 1402 2561 phylacterium
1431 2475 1513 2540 collo

475 2578 625 2643 avulsum
669 2577 705 2643 in
749 2574 888 2643 sublime
931 2576 1108 2664 porrigens,
1145 2577 1197 2642 his
1232 2577 1342 2643 verbis
1378 2577 1513 2643 comites

474 2683 692 2749 hortabatur:
728 2680 788 2747 “O
818 2680 893 2759 viri,
922 2682 1171 2768 animaequiores
1193 2682 1319 2749 estotcl
1378 2682 1514 2770 Propior

475 2793 526 2853 est
555 2786 644 2852 enim
672 2790 787 2851 nostra
815 2782 903 2849 salus
928 2806 1026 2871 quam
1052 2783 1289 2871 epembamus.''
1341 2784 1387 2850 Et
1416 2807 1514 2871 expo-

469 2913 551 2956 nens
587 2890 634 2955 eis
664 2876 810 2954 seriatim
848 2887 984 2954 modum
1012 2887 1158 2969 visionis,
1188 2887 1303 2954 taliter
1332 2888 1509 2955 conclusit:

472 2993 627 3059 “Erectis
673 2991 777 3078 igitur
820 2990 974 3056 manibus
995 2991 1032 3055 in
1068 2990 1187 3056 coelum
1216 2990 1335 3056 intimo
1365 2989 1510 3078 [cordis]¹

348 3093 351 3104 '
471 3097 590 3162 affectu
604 3100 754 3160 sanctum
770 3115 942 3160 exoremus
958 3092 1179 3174 Edmundum,
1200 3098 1239 3158 ut
1260 3093 1305 3158 ab
1326 3093 1513 3158 imminenti

472 3199 658 3278 discrimino
700 3218 760 3262 nos
801 3200 955 3284 potenter
991 3192 1149 3282 dignetur
1185 3193 1341 3284 eripere.’'
1407 3194 1512 3263 Cuius

350 3379 355 3390 ι
471 3300 674 3367 sermonibus
704 3299 843 3364 arrimati
872 3319 932 3385 per
960 3298 1101 3363 multam
1122 3297 1237 3363 horam
1263 3319 1404 3364 consona
1425 3320 1511 3377 voce,

471 3402 630 3469 consimili
660 3402 836 3467 devotione
865 3422 987 3466 nomen
1008 3399 1165 3485 martyris
1186 3399 1356 3466 Edmundi
1385 3421 1512 3466 concre-

470 3506 603 3594 pabant
664 3503 734 3569 Nec
755 3525 866 3569 mora:
891 3503 984 3568 venti
1006 3503 1211 3592 mitigantur,
1234 3525 1315 3569 ama
1335 3511 1513 3586 serenatur,

471 3630 560 3674 mare
576 3606 730 3686 sedatum
761 3606 874 3692 itaque
901 3605 1002 3672 timor
1026 3605 1064 3671 in
1085 3607 1309 3685 securitatem,¹
1330 3607 1512 3694 desperatio

470 3713 507 3777 in
532 3709 797 3789 consolationem,
821 3729 938 3774 maeror
962 3709 999 3773 in
1023 3709 1190 3796 gaudium,
1215 3709 1360 3776 lamenta
1380 3716 1513 3776 mutan-

471 3815 584 3880 turin
606 3811 753 3878 iubilum.
799 3810 911 3898 Flocci
930 3810 1080 3898 pendunt
1101 3811 1262 3877 iacturam
1283 3833 1399 3892 rernm,
1415 3814 1513 3879 lucri·

470 3919 558 3984 fucta
587 3915 693 3982 salute
723 3935 901 4001 corporum.
958 3912 1068 4000 Igitur
1089 3913 1297 3981 Edmundum
1327 3917 1363 3980 in
1392 3917 1510 3998 Deum,

471 4023 643 4106 Deumque
680 4017 900 4106 glorificantes
936 4037 993 4104 per
1023 4016 1244 4098 Edmundum,
1282 4041 1351 4085 sese
1385 4023 1511 4088 mutuis

471 4121 754 4190 exhortationibus
783 4119 827 4184 sd
856 4119 927 4185 eius
949 4141 1092 4186 amorem
1115 4125 1149 4186 et
1175 4120 1364 4208 obsequium
1385 4124 1511 4209 pariter

470 4224 698 4291 accendebant.
734 4219 876 4288 Interim
891 4221 1129 4288 famulantibus
1143 4222 1188 4287 ad
1201 4228 1317 4288 votum
1332 4223 1510 4304 elementis,

469 4329 597 4393 lenibus
635 4331 709 4392 acta
753 4325 865 4390 flabris
903 4329 1033 4411 gratam
1069 4347 1128 4412 per
1164 4327 1303 4412 aequoris
1338 4327 1509 4414 planitiem

470 4431 581 4497 carina
602 4429 810 4507 velificabat3
840 4428 1070 4514 immensisque
1099 4427 1240 4493 decmsis
1254 4430 1366 4494 oceani
1393 4431 1510 4518 spatiis

469 4534 575 4620 optati
605 4533 779 4598 stationem
817 4531 939 4596 littoris
985 4530 1077 4595 brevi
1119 4529 1357 4598 nanciscuntur.
1425 4531 1509 4598 Inde

870 4782 876 4812 ¹
889 4780 982 4847 cordis]
995 4781 1059 4832 stom
1070 4781 1099 4832 R
