3542 5800
478 881 523 947 32
745 896 811 950 1210.
835 899 882 950 ns
904 898 1037 951 omaso.
1060 898 1149 949 seeo.
1173 900 1262 951 msr.

309 1078 410 1146 ⁸¹¹th
477 1084 605 1149 obsides
636 1106 747 1151 eorum
784 1087 937 1173 suspendi
972 1088 1143 1173 praeoepit3
1181 1086 1298 1154 deinde
1328 1086 1527 1153 obsidionem

307 1148 412 1263 iffi?
477 1193 597 1272 petens,
629 1188 782 1275 praecepit
820 1190 970 1254 omnibus
1007 1190 1050 1254 ad
1087 1212 1177 1254 anna
1213 1190 1390 1255 convolare
1455 1190 1529 1277 Ipse

308 1302 426 1353 annues
476 1288 610 1355 loricam
638 1290 783 1372 indutus,
807 1291 935 1379 galeam
964 1290 1135 1358 simulacro
1165 1293 1311 1359 draconis
1334 1292 1528 1379 insculptam

307 1384 378 1418 “¹⁰¹⁰
378 1383 416 1421 ¹¹⁸
477 1392 577 1478 capiti
596 1394 785 1479 adaptavit:
809 1394 953 1459 humeris
977 1416 1106 1481 quoque
1128 1395 1195 1461 suis
1217 1394 1355 1481 clipeum
1370 1394 1528 1461 vocabulo

477 1494 630 1559 Pridwen
644 1496 808 1581 appendit,
826 1518 892 1581 quo
914 1496 1022 1583 imago
1045 1502 1165 1563 sanctae
1183 1496 1245 1561 Dei
1260 1496 1426 1585 genitricis
1440 1498 1530 1583 picta

475 1596 580 1681 ipsam
616 1598 660 1662 ad
697 1599 887 1663 memoriam
925 1600 1099 1685 saepissime
1132 1599 1325 1666 revocabat:
1364 1600 1529 1665 accinctus

475 1698 576 1763 etiam
601 1698 780 1764 Caliburno
809 1701 919 1787 gladio
949 1701 1091 1788 optimo:
1111 1701 1224 1767 lancea
1251 1702 1384 1766 nomine
1410 1699 1526 1787 [Ron]¹

475 1802 545 1866 eius
581 1803 751 1867 dexteram
789 1803 961 1868 decoravit.
1023 1803 1151 1869 Deinde
1188 1804 1327 1869 catervis
1365 1803 1530 1889 dispositis

307 1922 455 1975 Henaeks
475 1904 629 1970 audacter
655 1904 801 1970 Saxones
826 1905 956 1970 invasit
1003 1904 1072 1992 Ipsi
1096 1911 1207 1971 autem
1232 1906 1285 1971 die
1304 1911 1376 1970 tota
1390 1905 1529 1969 viriliter
1633 1938 1636 1947 ·

306 1989 462 2041 aeSnxona
456 2008 668 2086 ·resistentes,
709 2007 860 2072 Britones
897 2006 1025 2071 assidue
1063 2007 1317 2094 prosternebant
1363 2007 1526 2093 Vergente

474 2109 607 2174 tandem
636 2110 703 2175 sole
728 2110 771 2174 od
797 2131 954 2187 occasum,
982 2108 1127 2175 Saxones
1157 2110 1344 2196 proximum
1368 2114 1527 2195 occupant

474 2217 627 2289 montem,
652 2212 745 2276 illum
775 2234 834 2299 pro
864 2218 971 2277 castro
1001 2212 1157 2279 habituri.
1203 2213 1252 2277 At
1280 2211 1339 2276 ubi
1368 2212 1416 2277 soi
1439 2212 1525 2278 diem

472 2314 665 2393 reduxisset,
681 2314 846 2378 Arthmus
870 2337 946 2379 oum
973 2314 1119 2380 exercitu
1144 2336 1204 2379 suo
1230 2314 1351 2381 montis
1374 2334 1527 2379 cacumen

472 2415 625 2480 ascendit
686 2415 752 2481 Sed
781 2416 817 2481 in
846 2418 1048 2482 ascendendo
1079 2417 1200 2482 multos
1229 2440 1360 2482 suorum
1390 2416 1523 2484 amisit:

473 2516 620 2582 Saxones
635 2539 775 2604 namque
799 2525 1001 2585 occurrentes
1016 2519 1143 2583 facilius
1165 2519 1301 2584 vulnera
1324 2518 1525 2606 infligebant.

474 2619 625 2684 Britanni
640 2626 751 2685 tamen
765 2622 911 2686 maxima
926 2622 1089 2709 probitate
1105 2643 1256 2687 cacumen
1268 2622 1390 2687 montis
1404 2622 1526 2709 adepti,

473 2721 622 2786 hostibus
645 2727 769 2809 strages
792 2723 963 2789 acerrimas
989 2723 1202 2810 ingerebant:
1237 2723 1355 2809 quibus
1380 2724 1526 2789 Saxones

473 2846 564 2889 arma
599 2825 838 2912 praetendentes
875 2826 965 2891 omni
1003 2826 1076 2890 nisu
1113 2825 1315 2891 resistebant
1377 2825 1526 2913 Cumque

472 2928 615 2992 multum
653 2928 718 2992 diei
756 2928 791 2993 in
835 2928 991 2995 certando
1037 2929 1321 3016 consumpsissent,
1359 2929 1525 2994 Arthurus

472 3032 615 3109 tandem,
654 3031 819 3096 abstracto
866 3031 1066 3112 Oeiibmnio,
1103 3053 1222 3098 nomen
1260 3031 1374 3098 Beatse
1410 3029 1525 3097 Mariae

473 3133 620 3221 Virginis
634 3134 810 3215 invocavit,
826 3140 925 3220 atque
947 3134 1061 3220 rapido
1082 3135 1208 3221 impetu
1228 3157 1296 3200 sese
1310 3133 1396 3198 infra
1411 3134 1526 3200 densas

474 3235 619 3301 hostium
648 3237 734 3302 acies
762 3236 954 3316 immittens,
981 3257 1205 3323 quemcunque
1235 3241 1286 3304 att
1287 3235 1434 3323 ingebat⁹
1456 3234 1525 3302 sine

307 3359 402 3412 nece
474 3339 560 3403 ictus
596 3337 770 3425 nugatoria
807 3338 980 3404 iteratione
1018 3339 1205 3426 perimebat.
1274 3337 1345 3404 Nec
1387 3337 1525 3404 cessavit

306 3433 450 3492 “¹⁰5⁸⁴⁶⁰
476 3440 635 3555 impetum
676 3440 788 3520 facere,
831 3442 934 3507 donec
973 3441 1228 3528 quadringentos
1274 3445 1309 3506 et
1353 3441 1525 3527 sexaginta

305 3494 414 3676 ΞΞΞ
476 3563 570 3709 ξιξ
594 3541 661 3606 solo
676 3541 893 3710 dczdilqmniiql
913 3544 1091 3712 gladqo
1053 3543 1199 3630 peremit.
1247 3542 1346 3722 qud
1373 3543 1525 3710 vitdentes

506 3667 535 3709 ιι
571 3665 637 3724 nes,
699 3665 820 3710 ensars
895 3667 950 3710 um
1007 3645 1111 3711 urmis
1156 3666 1398 3710 seuunurs
1492 3667 1524 3709 m

475 3747 621 3833 undique
635 3745 795 3813 facientes
834 3748 883 3813 Ac
900 3747 1135 3826 Cheldrias,
1113 3666 1358 3812 vnobocioriidr
1373 3667 1524 3834 peiibguelo,

476 3871 550 3914 cum
579 3848 704 3934 reliquo
735 3850 922 3916 exercitu
913 3872 949 3914 111
978 3849 1090 3936 fugam
1120 3869 1294 3914 conversus
1319 3856 1376 3915 est
1423 3849 1525 3914 Iussit

307 3962 430 4028 Tneyre-
476 3952 588 4039 itaque
616 3974 676 4017 rex
707 3952 873 4017 Arthurus
905 3951 1063 4018 Osdorem
1095 3951 1209 4017 ducem
1241 3950 1416 4017 Cornubise
1452 3951 1525 4016 illos

306 4037 407 4147 {w
392 4032 485 4082 ⁰⁰¹⁰
475 4054 610 4140 insequi
656 4053 722 4134 Qui
743 4059 908 4142 postremo
930 4075 1004 4119 cum
1027 4053 1110 4118 nihil
1132 4053 1305 4118 tutaminis
1319 4053 1523 4140 accepissent,

307 4162 414 4278 'spana
475 4155 625 4222 laceratis
653 4155 839 4243 agminibus
869 4155 998 4221 Thanet
1031 4154 1171 4219 insulam
1200 4156 1374 4242 petierunt.
1436 4155 1524 4221 Inse-

308 4294 458 4345 ommi
476 4258 590 4343 quitur
626 4279 680 4321 eos
710 4257 832 4322 ibidem
868 4259 947 4339 dux,
978 4279 1038 4322 noc
1068 4256 1196 4343 quievit
1226 4258 1328 4323 donec
1357 4261 1524 4346 perempto

307 4359 647 4478 131ιῗιῗίιοιΤιικΟΙΝΜΠὊΟ
666 4359 816 4424 ceteros
806 4381 842 4424 ιιι
863 4358 1062 4425 deditionem
1082 4359 1214 4446 accepit.

307 4495 447 4546 surrender.
521 4553 614 4560 .--..-

814 4553 833 4558 --
845 4553 894 4559 .-
904 4553 969 4559 ..—-
973 4551 1141 4558 .-..------
1162 4547 1512 4558 --υ--ι--ι-ι

519 4678 610 4746 1Ιίοιι]
623 4693 672 4730 οιιι.
685 4678 741 4729 MS.
957 4677 963 4746 Ι
1007 4677 1174 4745 manabat]
1188 4675 1382 4743 instigassent
