3542 5800
453 894 497 964 70
714 909 778 957 ruo
809 908 856 955 nu
885 906 1017 957 oraauc.
1048 904 1134 954 seso.
1165 904 1250 953 mar.

451 1103 622 1162 ettamen
651 1096 688 1161 in
718 1117 831 1163 eorum
861 1102 939 1162 actu
962 1095 1172 1181 aliquatenus
1202 1092 1385 1171 foedamur3
1415 1090 1502 1155 siout

451 1222 536 1286 saepe
558 1200 727 1266 irascendo
753 1201 865 1286 culpas
885 1199 1098 1286 insequimur,
1120 1203 1154 1263 ct
1172 1195 1446 1282 tranquillitatem
1467 1194 1503 1257 in

451 1304 547 1370 nobis
578 1303 680 1368 animi
711 1303 967 1391 perturbamus:
1001 1308 1035 1367 ct
1068 1324 1142 1367 oum
1182 1306 1308 1367 rectum
1338 1299 1383 1365 sit
1413 1297 1502 1384 quod

451 1408 568 1493 agitur,
593 1429 660 1473 non
683 1413 733 1473 est
763 1413 876 1473 tamen
898 1405 1109 1494 approbabile
1132 1406 1220 1489 quod
1243 1404 1280 1467 in
1310 1424 1348 1467 eo
1371 1402 1501 1466 animus

449 1510 670 1597 perturbatur.
716 1511 842 1577 Contra
863 1510 950 1576 vitia
972 1510 1091 1595 quippe
1113 1507 1373 1593 delinquentium
1396 1505 1501 1570 iratus

449 1614 557 1680 fuerat
573 1615 631 1699 qui
646 1614 775 1680 dicebat
789 1612 810 1679 :¹
835 1621 842 1648 ‘
857 1614 1023 1678 Turbatus
1046 1617 1096 1677 est
1114 1634 1183 1699 prae
1198 1611 1247 1676 ira
1264 1610 1377 1676 oculus
1392 1606 1501 1674 meua'

449 1716 537 1798 Quia
559 1718 648 1783 enim
674 1740 742 1783 non
764 1718 855 1783 valet
877 1714 959 1781 nisi²
981 1716 1161 1802 tranquille
1184 1736 1275 1780 mens
1301 1714 1337 1778 in
1360 1719 1503 1780 oontem-

447 1822 605 1908 plationis
625 1844 659 1887 se
677 1823 783 1887 lucem
803 1820 1007 1907 suspendere,
1032 1819 1068 1883 in
1092 1820 1141 1883 ira
1160 1840 1256 1884 auum
1279 1817 1409 1883 oculum
1431 1822 1501 1882 tur-

448 1924 566 1990 batum
599 1924 754 1991 dolebat:
794 1924 873 2009 quia
905 1922 984 1988 dum
1016 1923 1101 1987 male
1133 1927 1207 1987 ecta
1238 1920 1387 1988 deorsum
1419 1921 1502 1985 inse·

447 2028 569 2114 quitur,
603 2027 759 2093 confimdi
789 2033 889 2113 atque
918 2025 1048 2092 turbari
1071 2030 1106 2091 et
1128 2046 1327 2091 summorum
1358 2028 1499 2091 contem-

446 2130 592 2217 platione
623 2130 807 2217 cogebatur.
853 2130 900 2194 Et
926 2128 1101 2193 laudabilis
1126 2150 1203 2217 ergo
1234 2134 1284 2194 est
1309 2127 1361 2193 ira
1385 2132 1499 2193 contra

445 2234 576 2310 vitium,
610 2238 645 2297 et
677 2237 789 2296 tamen
820 2232 966 2309 molesta,
1001 2230 1080 2317 quia
1104 2231 1276 2296 turbatum
1299 2252 1333 2296 se
1357 2230 1498 2316 aliquem

445 2340 576 2399 reatum
599 2334 771 2399 incurrisse
799 2334 993 2399 aestimabat.
1053 2334 1193 2420 Oportet
1215 2334 1327 2419 itaque
1351 2333 1499 2419 legitima

445 2438 551 2502 carnis
582 2436 699 2523 copula
727 2442 768 2500 ut
798 2458 895 2502 causa
924 2437 1025 2523 prolis
1055 2437 1107 2512 sit,
1139 2458 1206 2501 non
1232 2437 1434 2522 voluptatis3
1465 2442 1499 2501 et

444 2540 549 2605 carnis
574 2539 764 2604 commixtio
787 2540 1000 2604 creandorum
1023 2538 1200 2604 liberorum
1223 2538 1267 2603 sit
1291 2538 1408 2625 gratia,
1432 2560 1498 2604 non

443 2641 623 2708 satisfactio
645 2642 813 2707 vitiorum.
860 2642 897 2707 si
922 2643 995 2727 quis
1018 2665 1095 2707 vero
1119 2664 1212 2707 suam
1234 2643 1405 2729 coniugem
1431 2663 1498 2707 non

444 2746 597 2832 cupidine
627 2744 809 2832 voluptatis
847 2750 972 2832 raptuS,
1012 2746 1068 2811 sed
1106 2745 1309 2810 solummodo
1347 2745 1498 2810 creando

442 2869 516 2914 rum
554 2846 733 2915 liberorum
771 2848 881 2935 gratis
918 2848 1035 2928 utitur,
1075 2848 1137 2915 iste
1175 2848 1319 2936 profecto
1350 2849 1419 2914 sive
1458 2849 1498 2914 de

442 2953 591 3042 ingressu
622 2953 773 3032 ecclcsiae,
809 2973 866 3017 seu
897 2952 938 3017 de
968 2953 1126 3018 sumendo
1158 2952 1324 3017 Dominioi
1357 2953 1498 3038 corporis

441 3057 675 3145 sanguinisque
709 3056 876 3142 mysterio,
913 3077 972 3121 suo
1006 3060 1056 3120 est
1087 3055 1209 3120 iudicio
1246 3055 1498 3140 relinquendus3

442 3162 521 3246 quia
558 3184 578 3225 a
615 3160 710 3224 nobis
747 3159 914 3244 prohiberi
951 3180 1019 3222 non
1057 3158 1155 3222 debet
1185 3160 1339 3244 abripere,
1371 3159 1427 3243 qui
1462 3159 1497 3222 in

440 3264 517 3349 igne
554 3263 680 3349 positus
718 3262 821 3326 nescit
859 3263 980 3326 ardere.
1051 3261 1135 3326 Cum
1173 3282 1251 3326 vero
1296 3283 1362 3326 non
1405 3283 1497 3325 amor

439 3365 648 3450 procreandae
678 3364 806 3440 sobolis,
840 3364 897 3428 sed
928 3364 1083 3449 voluptas
1114 3363 1303 3429 dominatur
1333 3365 1368 3428 in
1399 3386 1495 3451 opere

439 3465 691 3543 commixtionis,
729 3465 856 3529 babent
906 3467 1060 3552 coniuges
1098 3467 1198 3532 etiam
1237 3468 1277 3531 de
1316 3489 1375 3531 sua
1412 3489 1497 3532 oom-

438 3569 598 3633 mixtione
622 3569 710 3655 quod
733 3567 882 3632 defleant.
930 3569 1004 3634 Hoc
1027 3569 1114 3634 eninr
1139 3570 1185 3634 eis
1209 3570 1359 3634 concedit
1382 3577 1497 3636 saneta

438 3671 649 3757 praedicati03
685 3676 719 3735 et
748 3676 863 3736 tamen
895 3672 935 3736 de
969 3673 1041 3758 ipsa
1066 3674 1268 3740 concessione
1299 3680 1391 3740 metu
1424 3675 1494 3738 ani-

436 3797 529 3840 mum
559 3774 711 3840 concutit.
769 3774 858 3839 Nam
884 3797 959 3840 cum
984 3775 1108 3842 Paulus
1140 3777 1305 3864 apostolus
1331 3779 1454 3843 diceret
1468 3777 1495 3842 :³

439 3879 525 3959 ‘Qui
555 3901 590 3944 se
614 3879 782 3945 continere
809 3898 875 3943 non
900 3883 1018 3965 potest,
1049 3879 1171 3944 habeat
1207 3901 1344 3946 uxorem
1372 3903 1464 3945 suam
1478 3881 1496 3961 3'

435 3985 549 4049 statim
572 3983 770 4069 subiungere
786 3983 935 4047 curavit:
962 3981 1057 4046 ‘Hoc
1081 3987 1193 4048 autem
1220 3983 1292 4048 dico
1316 3984 1494 4049 secundum

435 4086 687 4172 indulgentiam,
703 4109 771 4153 non
794 4085 975 4151 secundum
996 4084 1192 4172 imperium'
1235 4085 1314 4152 Non
1341 4088 1428 4151 enim
1444 4087 1493 4150 in-

436 4189 591 4275 dulgetur
612 4190 700 4276 quod
734 4190 819 4266 lieet,
856 4188 935 4275 quia
972 4188 1099 4254 iustum
1131 4195 1189 4255 est.
1262 4190 1362 4271 Quod
1392 4190 1494 4276 igitur

434 4289 599 4376 indulgeri
632 4291 728 4371 dixit,
758 4291 889 4377 culpam
920 4313 987 4357 csse
1019 4291 1267 4359 demonstravit.
1330 4293 1492 4380 Vigilanti

430 4412 509 4458 vcro
549 4398 661 4458 mente
703 4393 908 4478 pensandum
954 4399 1014 4477 est,
1055 4396 1144 4481 quod
1181 4395 1218 4461 in
1255 4395 1340 4462 Sina
1380 4401 1493 4463 monte

463 4750 633 4806 ¹Psalrt7.
1019 4751 1257 4818 ³lCor.vii.2,t.

465 4833 476 4862 ²
488 4833 630 4900 non-nin]
649 4832 700 4885 nisi
711 4849 763 4885 non
774 4833 849 4897 valet,
861 4829 918 4887 ΜΒ.
