3542 5800
474 843 495 905 2
736 851 805 900 aro.
827 850 875 899 nn
897 848 1033 899 ornare.
1056 848 1144 897 arae.
1169 846 1254 897 arsr.

472 1040 508 1098 et
525 1032 795 1098 monasteriorum
819 1032 1028 1097 fundationes
1043 1053 1172 1118 operam
1199 1031 1330 1107 debant,
1346 1029 1476 1116 praediis
1491 1034 1525 1093 et

472 1146 725 1232 possessionibus
745 1146 780 1210 in
805 1146 961 1211 honorem
980 1145 1082 1231 ipsius
1097 1144 1160 1209 Dei
1182 1142 1407 1229 multipliciter
1424 1163 1463 1206 eo
1477 1142 1525 1205 di-

472 1262 582 1323 tantes
604 1278 642 1323 cc
662 1256 841 1344 privilegiis
863 1255 999 1321 diversis
1013 1255 1191 1332 fulcientes,
1207 1252 1357 1341 expensis
1375 1254 1526 1317 mnume-

473 1370 518 1435 ris
532 1391 599 1434 non
618 1370 784 1456 parcendo.
832 1367 931 1438 Unde
953 1368 996 1433 eb
1017 1368 1087 1455 ipso
1102 1388 1228 1433 omnmo
1242 1367 1438 1433 retributore
1454 1366 1524 1431 Deo

473 1483 540 1546 iam
554 1482 659 1548 vicem
685 1504 817 1547 suorum
841 1480 1071 1546 beneficiorum
1096 1480 1247 1567 optinent
1269 1480 1305 1543 in
1320 1480 1409 1545 coslo.
1455 1478 1524 1543 Alii

474 1599 586 1659 autem
611 1615 725 1679 regum
760 1591 943 1678 anglorum
967 1592 1091 1656 consilii
1114 1592 1218 1677 gloria
1240 1596 1402 1678 sceptrum
1432 1590 1523 1677 regni

474 1710 632 1783 tenentes,
656 1711 730 1791 post
753 1704 1030 1789 eleemosynarum
1060 1704 1256 1790 largitiones,
1287 1711 1361 1790 post
1398 1726 1524 1769 monas-

474 1818 632 1884 teriorum
656 1816 924 1901 ecclesiammque
950 1816 1158 1883 fundationes
1181 1817 1224 1885 ab
1247 1816 1325 1905 ipsis
1340 1816 1450 1905 factas,
1467 1838 1524 1902 pro

476 1928 599 1993 Christi
628 1950 738 1994 amore
764 1927 907 2020 insignis
936 1928 1133 2015 deponentes
1162 1928 1284 2015 regalia
1309 1933 1524 2015 spontaneum

474 2046 681 2128 sumpserrmt
702 2040 941 2118 monachatum,
958 2040 1109 2105 omnibus
1124 2041 1224 2105 etiam
1240 2062 1313 2125 quae
1327 2042 1525 2107 videbantur

474 2156 641 2221 inmundo
652 2154 813 2241 possidere
828 2159 960 2241 propter
975 2153 1191 2241 Evangelium
1205 2154 1333 2232 relictis,
1350 2155 1386 2219 in
1402 2154 1524 2223 Christi

475 2266 670 2353 discipulatu
684 2288 787 2351 usque
809 2266 852 2333 ed
872 2266 973 2333 finem
987 2262 1067 2333 vitae
1088 2272 1320 2351 permanentes,
1336 2268 1524 2355 centuplum

475 2380 510 2444 in
536 2380 618 2445 ooelo
641 2379 800 2467 recepturi
823 2378 859 2443 in
880 2378 999 2445 habitu
1020 2385 1055 2445 et
1076 2386 1267 2469 paupertate
1288 2381 1469 2447 monachali
1484 2382 1525 2447 de

475 2492 592 2557 saeculo
607 2492 839 2581 migraverunt.
877 2491 946 2558 Alii
964 2474 1200 2592 vero'ipsorum
1215 2494 1396 2579 anglorum
1411 2516 1524 2581 regum

475 2604 681 2691 preferentes
711 2604 827 2693 patriae
860 2588 1162 2693 peregrinationem,
1205 2628 1304 2693 regno
1345 2608 1525 2673 minoribus

477 2717 617 2795 dimisso,
641 2722 830 2805 sceptraque
852 2716 973 2803 regalia
993 2700 1052 2805 pro
1075 2716 1205 2787 Christo
1220 2718 1412 2805 linquentes,
1435 2742 1526 2807 pere·

395 2849 405 2863 ·
476 2830 604 2916 grinam
619 2829 725 2895 vitam
740 2852 761 2895 a
775 2829 842 2895 solo
856 2830 986 2916 proprio
1000 2830 1117 2900 remoti
1139 2852 1242 2917 usque
1264 2832 1307 2900 ed
1330 2832 1429 2900 finem
1444 2834 1526 2902 vite

477 2965 546 3008 suae
559 2942 781 3008 indesinenter
795 2941 972 3008 coluerunt.
1004 2942 1073 3006 Alii
1088 2944 1188 3010 etiarn
1203 2945 1439 3012 venerabilium
1455 2947 1525 3010 An-

476 3057 604 3144 glorum
630 3077 744 3142 regum
766 3055 894 3122 divitiis
914 3055 1018 3142 gloria
1040 3045 1073 3122 et
1093 3058 1266 3126 sanctitate
1287 3059 1523 3148 praefulgentes,

477 3171 740 3258 castimonireque
777 3169 920 3236 decorati
956 3167 1109 3256 puritate,
1148 3173 1350 3260 virginitatis
1387 3175 1525 3240 candore

476 3282 560 3347 sicut
582 3283 653 3348 lilia
675 3281 864 3358 floruerunt,
891 3281 1047 3368 eligentes
1072 3305 1131 3370 pro
1156 3307 1265 3352 amore
1291 3285 1413 3354 Christi
1436 3287 1526 3354 here-

476 3395 573 3460 dibus
590 3415 696 3460 earere
718 3395 754 3462 in
773 3395 878 3476 terris,
902 3401 940 3461 ut
961 3395 1176 3468 hereditatem
1198 3406 1469 3492 consequerentur
1490 3403 1526 3468 in

476 3506 572 3571 coelis
618 3506 686 3570 Alii
710 3513 865 3594 preterea
888 3510 1169 3578 memorandorum
1192 3513 1373 3600 Anglorum
1402 3535 1524 3602 regum,

476 3616 560 3682 sicut
590 3623 625 3684 et
654 3618 753 3686 ceteri
783 3619 823 3686 de
852 3605 973 3709 quibus
1002 3622 1170 3710 preelocuti
1207 3647 1327 3705 sumus,
1360 3629 1524 3696 virtutum

476 3731 639 3797 exercitiis
652 3731 885 3820 prepollentes,
900 3755 959 3820 pro
973 3735 1045 3805 iure
1066 3738 1158 3826 regni
1180 3745 1214 3805 et
1236 3741 1400 3828 republica
1414 3750 1527 3810 contra

475 3842 609 3908 hostiles
631 3842 816 3910 invasiones
845 3845 1052 3928 dimicarunt,
1076 3871 1174 3936 ecque
1204 3852 1382 3922 discrimini
1412 3856 1526 3922 mortis

476 3955 652 4022 obicientes
681 3957 787 4044 magis
823 3957 993 4046 elegerunt
1029 3984 1088 4050 pro
1124 3965 1233 4050 patrie
1269 3973 1304 4032 et
1340 3968 1527 4056 reipublice

475 4067 660 4135 defensione
681 4068 819 4157 gloriose
833 4075 1027 4152 occumbere,
1044 4096 1144 4160 quam
1164 4077 1269 4144 vitam
1292 4080 1446 4168 igneum
1467 4090 1528 4150 aut

476 4179 548 4244 Deo
571 4180 725 4246 odibilem
748 4182 874 4249 dierum
905 4184 1123 4254 diutrunitate
1152 4188 1338 4258 infeliciter·
1345 4195 1527 4280 posidere3

474 4289 583 4377 sieque
620 4291 720 4379 digno
754 4295 900 4362 coronati
938 4297 1096 4386 martyrio
1126 4298 1213 4366 inter
1249 4303 1403 4370 coelorum
1441 4306 1528 4373 cives

474 4403 659 4488 perenniter
683 4393 819 4493 regnare
847 4417 1045 4476 meruerunt
1090 4412 1146 4479 le
1182 4414 1251 4481 haec
1272 4416 1328 4482 alii
1367 4419 1528 4486 dictorum

474 4515 657 4603 Anglorum
681 4541 796 4608 regum
820 4521 1014 4593 fortitudine
1036 4529 1071 4590 et
1094 4525 1257 4594 industria
1278 4529 1422 4598 habenas
1436 4534 1528 4619 regni

473 4632 685 4712 moderantes,
701 4633 805 4720 gloria
819 4635 1002 4704 floruerunt
1028 4639 1172 4718 militari,
1197 4639 1342 4728 finesque
1365 4647 1457 4734 regni
1476 4647 1528 4712 sui
