3542 5800
465 854 530 916 142
732 866 795 916 arc.
819 867 867 915 nu
889 864 1021 915 manua
1045 864 1135 913 seno.
1159 864 1246 913 urar.

867 1241 947 1307 Oen
971 1237 1111 1309 XXXV.

300 1408 446 1463 Beaiiia.
467 1402 566 1488 Quod
597 1427 679 1491 perae
711 1404 988 1472 occidentalium
1020 1404 1202 1473 Smoaum
1232 1422 1312 1468 cum
1344 1422 1417 1489 repe
1453 1421 1517 1467 auo

510 1505 699 1593 Kioepiten
727 1507 941 1595 predicante
970 1506 1047 1574 illia
1069 1504 1196 1573 Ricina
1217 1504 1376 1592 episcopo,
1405 1500 1517 1589 fidem

513 1608 643 1676 Christi
664 1608 818 1697 occoepit.

300 1798 455 1852 conversios
513 1782 639 1848 Eoum
670 1789 816 1869 tempore
839 1804 921 1871 gens
952 1781 1212 1848 Occidentaiium
1246 1780 1424 1857 Saxonum,
1459 1777 1518 1863 qui

299 1867 456 1985 §mm
468 1886 653 1972 antiquitus
694 1885 849 1951 Gewissae
887 1884 1098 1963 vocabantur,
1146 1887 1304 1970 regnante
1347 1880 1520 1966 Kinegilso

300 2000 455 2067 (Geminae).
468 1988 569 2053 fidem
603 1988 727 2054 Christi
767 1988 917 2075 suscepit,
950 1986 1153 2075 praedicante
1182 1985 1248 2049 iilis
1287 1982 1425 2049 verbum
1456 1982 1521 2047 Dei

470 2090 584 2155 Birino
607 2091 765 2177 episcopo,
797 2090 953 2175 quicum
980 2089 1113 2155 consilio
1142 2109 1237 2175 papae
1263 2085 1404 2151 Honorii
1423 2105 1522 2149 vene-

469 2197 523 2257 rat
549 2192 775 2273 Britanniam
798 2192 992 2279 promittens
1014 2190 1147 2279 quidem
1173 2210 1207 2255 se
1227 2188 1284 2253 illc
1307 2191 1466 2275 praesente
1486 2187 1522 2251 in

469 2295 595 2359 intimis
638 2296 822 2383 Anglorum
859 2295 1022 2381 partibus,
1055 2314 1120 2380 quo
1155 2292 1265 2357 nulius
1301 2291 1414 2355 doctor
1438 2310 1522 2376 prae-

469 2398 621 2475 cessisset,
652 2402 774 2463 sanctae
809 2398 888 2462 fidei
919 2397 1043 2462 semina
1073 2416 1142 2461 esse
1166 2414 1361 2482 sparsurum.
1420 2390 1519 2456 Unde

469 2505 504 2565 et
533 2499 624 2565 iussu
657 2500 802 2566 eiusdem
831 2500 995 2587 pontificis
1026 2520 1085 2585 per
1115 2497 1283 2563 Asterium
1315 2495 1522 2561 Genuensem

469 2602 655 2688 episcopum
677 2604 714 2667 in
736 2602 941 2690 episcopatus
963 2606 1168 2668 consecratus
1191 2605 1242 2665 est
1264 2599 1410 2685 gradum.
1456 2596 1524 2663 Sed

470 2705 677 2770 Britanniam
703 2706 905 2792 perveniens,
931 2726 968 2771 ac
987 2705 1131 2791 primum
1147 2702 1368 2769 Gewisscrum
1391 2704 1523 2788 gentem

469 2808 664 2895 ingrediens,
696 2830 770 2873 cum
800 2830 912 2873 omnes
942 2808 1065 2873 ibidem
1094 2806 1329 2893 paganissimos
1351 2804 1524 2883 inveniret,

469 2911 585 2978 utilius
607 2931 676 2978 esse
697 2917 790 2978 ratus
812 2916 862 2977 est
884 2911 932 2977 ibi
954 2911 1064 2999 potius
1087 2910 1226 2976 verbum
1249 2907 1314 2974 Dei
1336 2907 1522 2996 praedicare,

470 3037 570 3101 quam
592 3015 682 3081 ultra
702 3013 912 3104 progrediens
944 3036 998 3080 eos
1028 3013 1148 3100 quibua
1181 3012 1356 3100 praedicare
1391 3011 1525 3075 deberet

471 3141 507 3183 1n
529 3139 644 3184 unere.
1083 3176 1085 3184 ,

303 3213 458 3350 {lssffiff
508 3142 635 3308 itaque
657 3221 905 3308 evangelizante
926 3219 984 3284 illo
1005 3219 1043 3284 in
1071 3217 1210 3306 praefata
1240 3215 1416 3305 provincia,
1449 3235 1524 3281 curn

471 3347 530 3391 rex
555 3326 625 3412 ipse
651 3323 804 3412 Kinegils
830 3321 1049 3390 catechizatus
1075 3321 1166 3389 fonte
1192 3319 1348 3408 baptismi
1368 3339 1443 3384 cum
1466 3339 1526 3384 sua

471 3433 571 3515 gente
600 3427 795 3505 ablueretur,
821 3425 963 3512 contigit
992 3428 1072 3491 tunc
1102 3423 1261 3510 temporis
1285 3422 1526 3488 sanctissimum

471 3551 509 3594 ae
545 3527 822 3595 victoriosaimum
858 3551 970 3616 regem
1001 3527 1303 3593 Nerthumbrorum
1334 3525 1523 3591 Oswaldum

471 3631 613 3710 affuisse,
636 3653 776 3717 eumque
799 3630 839 3696 de
860 3631 993 3696 lavacro
1016 3635 1193 3696 exeuntem
1215 3629 1397 3716 suscepisse,
1421 3649 1458 3692 ac
1481 3627 1528 3692 sie

472 3733 689 3821 pulcherrimo
709 3729 841 3819 piorsue
867 3738 903 3799 et
927 3733 998 3798 Deo
1024 3733 1124 3820 digno
1145 3733 1316 3810 consortio,
1341 3729 1432 3796 cuius
1456 3733 1528 3794 erat

472 3837 575 3902 filiam
604 3842 795 3924 accepturus
826 3837 862 3901 in
897 3836 1076 3922 coniugem,
1116 3835 1224 3922 ipsum
1257 3835 1349 3921 prius
1386 3831 1528 3898 secunda

472 3941 682 4029 generatione
704 3940 777 4006 Deo
798 3940 986 4006 dedicatum
1008 3938 1072 4003 sibi
1094 3937 1220 4024 accepit
1239 3937 1275 4001 in
1295 3937 1411 4001 filium.
1458 3935 1527 4000 Do-

305 4059 409 4111 Birinus
473 4042 653 4110 naverunt¹
693 4049 806 4109 autem
843 4042 941 4107 ambo
970 4062 1062 4128 reges
1094 4040 1200 4105 eidem
1229 4039 1380 4126 episcopo
1411 4036 1527 4103 Birino

305 4127 411 4244 EQ
473 4149 643 4213 civitatem
659 4145 907 4221 Dorkeoestriae,
936 4145 979 4208 ad
1002 4142 1188 4208 faciendum
1210 4141 1295 4207 inibi
1310 4141 1419 4206 sedern
1443 4141 1528 4228 epis-

306 4260 410 4312 eherter.
473 4250 640 4336 copalem;
685 4249 744 4315 ubi
777 4247 973 4315 constructis
1011 4245 1151 4328 eeclesiis
1189 4263 1227 4311 ac
1260 4244 1332 4311 Deo
1370 4243 1529 4309 dedicatis

474 4351 592 4416 Divini
617 4351 726 4417 cultus
754 4350 950 4439 propagines
981 4349 1024 4416 ad
1055 4349 1201 4416 fructum
1223 4347 1260 4412 in
1282 4347 1329 4414 eis
1351 4345 1528 4436 perducere

420 4451 424 4456 ’
472 4453 650 4521 laborabat

668 4785 1108 4857 ¹nmwm1nosauasens.
1143 4783 1347 4840 meana.
