<?xml version="1.0" encoding="UTF-8"?>
<!DOCTYPE html PUBLIC "-//W3C//DTD XHTML 1.0 Transitional//EN"
    "http://www.w3.org/TR/xhtml1/DTD/xhtml1-transitional.dtd">
<html xmlns="http://www.w3.org/1999/xhtml" xml:lang="en" lang="en">
 <head>
  <title>
</title>
<meta http-equiv="Content-Type" content="text/html;charset=utf-8" />
  <meta name='ocr-system' content='tesseract 3.04.00' />
  <meta name='ocr-capabilities' content='ocr_page ocr_carea ocr_par ocr_line ocrx_word'/>
</head>
<body>
  <div class='ocr_page' id='page_1' title='image "./speculumhistori01mayogoog_0141.png"; bbox 0 0 3542 5800; ppageno 0'>
   <div class='ocr_carea' id='block_1_1' title="bbox 468 857 1244 927">
    <p class='ocr_par' dir='ltr' id='par_1_1' title="bbox 468 857 1244 927">
     <span class='ocr_line' id='line_1_1' title="bbox 468 857 1244 927; baseline -0.001 -2"><span class='ocrx_word' id='word_1_1' title='bbox 468 864 530 927; x_wconf 79' lang='lat'>126</span> <span class='ocrx_word' id='word_1_2' title='bbox 668 857 670 860; x_wconf 80' lang='grc'><strong>’</strong></span> <span class='ocrx_word' id='word_1_3' title='bbox 729 876 795 924; x_wconf 85' lang='lat' dir='ltr'>aro.</span> <span class='ocrx_word' id='word_1_4' title='bbox 818 874 865 923; x_wconf 84' lang='lat' dir='ltr'>nr</span> <span class='ocrx_word' id='word_1_5' title='bbox 889 872 1021 925; x_wconf 77' lang='lat' dir='ltr'>cranao.</span> <span class='ocrx_word' id='word_1_6' title='bbox 1046 872 1134 923; x_wconf 70' lang='lat' dir='ltr'>seno.</span> <span class='ocrx_word' id='word_1_7' title='bbox 1158 874 1244 924; x_wconf 84' lang='lat' dir='ltr'>msr.</span> 
     </span>
    </p>
   </div>
   <div class='ocr_carea' id='block_1_2' title="bbox 883 1156 1094 1223">
    <p class='ocr_par' dir='ltr' id='par_1_2' title="bbox 883 1156 1094 1223">
     <span class='ocr_line' id='line_1_2' title="bbox 883 1156 1094 1223; baseline 0 0"><span class='ocrx_word' id='word_1_8' title='bbox 883 1156 963 1223; x_wconf 74' lang='lat' dir='ltr'>Gar.</span> <span class='ocrx_word' id='word_1_9' title='bbox 987 1156 1094 1223; x_wconf 78' lang='lat' dir='ltr'>XXX</span> 
     </span>
    </p>
   </div>
   <div class='ocr_carea' id='block_1_3' title="bbox 298 1342 1502 1515">
    <p class='ocr_par' dir='ltr' id='par_1_3' title="bbox 298 1342 1502 1515">
     <span class='ocr_line' id='line_1_3' title="bbox 298 1342 1502 1433; baseline -0.004 -18"><span class='ocrx_word' id='word_1_10' title='bbox 298 1364 359 1415; x_wconf 78' lang='lat' dir='ltr'>neu</span> <span class='ocrx_word' id='word_1_11' title='bbox 372 1364 397 1414; x_wconf 84' lang='lat' dir='ltr'>ii.</span> <span class='ocrx_word' id='word_1_12' title='bbox 414 1368 452 1417; x_wconf 75' lang='grc' dir='ltr'>ιι.</span> <span class='ocrx_word' id='word_1_13' title='bbox 487 1346 587 1429; x_wconf 72' lang='lat' dir='ltr'>Quod</span> <span class='ocrx_word' id='word_1_14' title='bbox 609 1346 791 1414; x_wconf 71' lang='lat' dir='ltr'>Honorius</span> <span class='ocrx_word' id='word_1_15' title='bbox 809 1368 910 1433; x_wconf 74' lang='lat' dir='ltr'>popo</span> <span class='ocrx_word' id='word_1_16' title='bbox 931 1346 1007 1431; x_wconf 61' lang='lat' dir='ltr'>weyt</span> <span class='ocrx_word' id='word_1_17' title='bbox 1029 1344 1177 1412; x_wconf 77' lang='lat' dir='ltr'>Edwioo</span> <span class='ocrx_word' id='word_1_18' title='bbox 1200 1345 1332 1413; x_wconf 69' lang='lat' dir='ltr'>litterae</span> <span class='ocrx_word' id='word_1_19' title='bbox 1358 1342 1502 1411; x_wconf 69' lang='lat' dir='ltr'>miserat</span> 
     </span>
     <span class='ocr_line' id='line_1_4' title="bbox 864 1448 1116 1515; baseline -0.012 0"><span class='ocrx_word' id='word_1_20' title='bbox 864 1448 1116 1515; x_wconf 59' lang='lat' dir='ltr'>cohortamur.</span> 
     </span>
    </p>
   </div>
   <div class='ocr_carea' id='block_1_4' title="bbox 296 1646 1540 4390">
    <p class='ocr_par' dir='ltr' id='par_1_4' title="bbox 296 1646 1540 2449">
     <span class='ocr_line' id='line_1_5' title="bbox 297 1646 1515 1736; baseline -0.003 -20"><span class='ocrx_word' id='word_1_21' title='bbox 297 1653 424 1705; x_wconf 66' lang='lat' dir='ltr'>Iaetteros</span> <span class='ocrx_word' id='word_1_22' title='bbox 509 1651 635 1716; x_wconf 78' lang='lat' dir='ltr'><strong>EODEM</strong></span> <span class='ocrx_word' id='word_1_23' title='bbox 657 1656 804 1735; x_wconf 89' lang='lat' dir='ltr'>tempore</span> <span class='ocrx_word' id='word_1_24' title='bbox 829 1650 1043 1736; x_wconf 84' lang='lat' dir='ltr'>praesulatum</span> <span class='ocrx_word' id='word_1_25' title='bbox 1069 1648 1255 1736; x_wconf 84' lang='lat' dir='ltr'>apostolioae</span> <span class='ocrx_word' id='word_1_26' title='bbox 1285 1648 1370 1713; x_wconf 82' lang='lat' dir='ltr'>sedis</span> <span class='ocrx_word' id='word_1_27' title='bbox 1401 1646 1515 1713; x_wconf 90' lang='lat' dir='ltr'>Hono-</span> 
     </span>
     <span class='ocr_line' id='line_1_6' title="bbox 296 1720 1516 1837; baseline -0.005 -18"><span class='ocrx_word' id='word_1_28' title='bbox 296 1720 431 1837; x_wconf 43' lang='lat' dir='ltr'>{gang</span> <span class='ocrx_word' id='word_1_29' title='bbox 464 1754 533 1819; x_wconf 85' lang='lat' dir='ltr'>riua</span> <span class='ocrx_word' id='word_1_30' title='bbox 556 1752 717 1819; x_wconf 82' lang='lat' dir='ltr'>Bonifaoii</span> <span class='ocrx_word' id='word_1_31' title='bbox 735 1772 897 1818; x_wconf 78' lang='lat' dir='ltr'>suecessor</span> <span class='ocrx_word' id='word_1_32' title='bbox 916 1751 1067 1817; x_wconf 85' lang='lat' dir='ltr'>habebat.</span> <span class='ocrx_word' id='word_1_33' title='bbox 1114 1749 1180 1830; x_wconf 82' lang='lat' dir='ltr'>Qui</span> <span class='ocrx_word' id='word_1_34' title='bbox 1195 1750 1406 1837; x_wconf 79' lang='lat' dir='ltr'>abigentem</span> <span class='ocrx_word' id='word_1_35' title='bbox 1430 1750 1516 1815; x_wconf 87' lang='lat' dir='ltr'>Nor-</span> 
     </span>
     <span class='ocr_line' id='line_1_7' title="bbox 298 1852 1514 1939; baseline -0.006 -17"><span class='ocrx_word' id='word_1_36' title='bbox 298 1853 397 1904; x_wconf 76' lang='lat' dir='ltr'>niwin.</span> <span class='ocrx_word' id='word_1_37' title='bbox 463 1857 693 1922; x_wconf 90' lang='lat' dir='ltr'>thumbrorum</span> <span class='ocrx_word' id='word_1_38' title='bbox 719 1877 793 1920; x_wconf 88' lang='lat' dir='ltr'>oum</span> <span class='ocrx_word' id='word_1_39' title='bbox 822 1876 882 1919; x_wconf 83' lang='lat' dir='ltr'>suo</span> <span class='ocrx_word' id='word_1_40' title='bbox 912 1875 987 1939; x_wconf 83' lang='lat' dir='ltr'>rege</span> <span class='ocrx_word' id='word_1_41' title='bbox 1017 1854 1060 1919; x_wconf 84' lang='lat' dir='ltr'>ad</span> <span class='ocrx_word' id='word_1_42' title='bbox 1089 1854 1188 1919; x_wconf 86' lang='lat' dir='ltr'>fidem</span> <span class='ocrx_word' id='word_1_43' title='bbox 1218 1852 1514 1937; x_wconf 76' lang='lat' dir='ltr'>confessionemque</span> 
     </span>
     <span class='ocr_line' id='line_1_8' title="bbox 465 1954 1513 2042; baseline -0.006 -19"><span class='ocrx_word' id='word_1_44' title='bbox 465 1957 597 2033; x_wconf 75' lang='lat' dir='ltr'>Christi,</span> <span class='ocrx_word' id='word_1_45' title='bbox 628 1956 766 2023; x_wconf 90' lang='lat' dir='ltr'>Paulino</span> <span class='ocrx_word' id='word_1_46' title='bbox 793 1955 1047 2042; x_wconf 70' lang='lat' dir='ltr'>evangelizante,</span> <span class='ocrx_word' id='word_1_47' title='bbox 1072 1976 1260 2020; x_wconf 76' lang='lat' dir='ltr'>conversam</span> <span class='ocrx_word' id='word_1_48' title='bbox 1291 1976 1360 2021; x_wconf 81' lang='lat' dir='ltr'>ease</span> <span class='ocrx_word' id='word_1_49' title='bbox 1390 1954 1513 2031; x_wconf 83' lang='lat' dir='ltr'>didicit,</span> 
     </span>
     <span class='ocr_line' id='line_1_9' title="bbox 463 2054 1516 2145; baseline -0.005 -21"><span class='ocrx_word' id='word_1_50' title='bbox 463 2061 554 2125; x_wconf 87' lang='lat' dir='ltr'>misit</span> <span class='ocrx_word' id='word_1_51' title='bbox 573 2059 679 2124; x_wconf 89' lang='lat' dir='ltr'>eidem</span> <span class='ocrx_word' id='word_1_52' title='bbox 705 2058 844 2123; x_wconf 90' lang='lat' dir='ltr'>Paulino</span> <span class='ocrx_word' id='word_1_53' title='bbox 867 2057 1013 2143; x_wconf 77' lang='lat' dir='ltr'>pallium,</span> <span class='ocrx_word' id='word_1_54' title='bbox 1035 2057 1125 2121; x_wconf 86' lang='lat' dir='ltr'>misit</span> <span class='ocrx_word' id='word_1_55' title='bbox 1148 2062 1182 2123; x_wconf 84' lang='lat' dir='ltr'>et</span> <span class='ocrx_word' id='word_1_56' title='bbox 1204 2057 1274 2145; x_wconf 84' lang='lat' dir='ltr'>regi</span> <span class='ocrx_word' id='word_1_57' title='bbox 1297 2056 1438 2122; x_wconf 86' lang='lat' dir='ltr'>Edwino</span> <span class='ocrx_word' id='word_1_58' title='bbox 1460 2054 1516 2120; x_wconf 76' lang='lat' dir='ltr'>lit</span> 
     </span>
     <span class='ocr_line' id='line_1_10' title="bbox 463 2157 1540 2245; baseline -0.006 -19"><span class='ocrx_word' id='word_1_59' title='bbox 463 2168 550 2226; x_wconf 75' lang='lat' dir='ltr'>teras</span> <span class='ocrx_word' id='word_1_60' title='bbox 573 2160 818 2239; x_wconf 72' lang='lat' dir='ltr'>exhortatoriae,</span> <span class='ocrx_word' id='word_1_61' title='bbox 841 2165 979 2245; x_wconf 86' lang='lat' dir='ltr'>paterna</span> <span class='ocrx_word' id='word_1_62' title='bbox 1001 2159 1095 2223; x_wconf 91' lang='lat' dir='ltr'>illum</span> <span class='ocrx_word' id='word_1_63' title='bbox 1118 2160 1255 2224; x_wconf 85' lang='lat' dir='ltr'>caritate</span> <span class='ocrx_word' id='word_1_64' title='bbox 1275 2157 1460 2233; x_wconf 61' lang='lat' dir='ltr'>accendens,</span> <span class='ocrx_word' id='word_1_65' title='bbox 1476 2160 1516 2221; x_wconf 91' lang='lat' dir='ltr'>ut</span> <span class='ocrx_word' id='word_1_66' title='bbox 1538 2240 1540 2244; x_wconf 23' lang='grc' dir='ltr'>Ι</span> 
     </span>
     <span class='ocr_line' id='line_1_11' title="bbox 463 2258 1515 2348; baseline -0.003 -22"><span class='ocrx_word' id='word_1_67' title='bbox 463 2264 500 2326; x_wconf 93' lang='lat' dir='ltr'>in</span> <span class='ocrx_word' id='word_1_68' title='bbox 522 2262 588 2327; x_wconf 86' lang='lat' dir='ltr'>fide</span> <span class='ocrx_word' id='word_1_69' title='bbox 617 2262 769 2327; x_wconf 81' lang='lat' dir='ltr'>veritatis</span> <span class='ocrx_word' id='word_1_70' title='bbox 792 2283 892 2347; x_wconf 86' lang='lat' dir='ltr'>quam</span> <span class='ocrx_word' id='word_1_71' title='bbox 918 2258 1106 2348; x_wconf 85' lang='lat' dir='ltr'>aooeperat,l</span> <span class='ocrx_word' id='word_1_72' title='bbox 1132 2261 1303 2347; x_wconf 77' lang='lat' dir='ltr'>persistere</span> <span class='ocrx_word' id='word_1_73' title='bbox 1328 2282 1456 2346; x_wconf 81' lang='lat' dir='ltr'>semper</span> <span class='ocrx_word' id='word_1_74' title='bbox 1479 2280 1515 2324; x_wconf 77' lang='lat' dir='ltr'>aa</span> 
     </span>
     <span class='ocr_line' id='line_1_12' title="bbox 462 2361 1516 2449; baseline -0.001 -22"><span class='ocrx_word' id='word_1_75' title='bbox 462 2364 616 2449; x_wconf 84' lang='lat' dir='ltr'>proficere</span> <span class='ocrx_word' id='word_1_76' title='bbox 638 2367 774 2428; x_wconf 73' lang='lat' dir='ltr'>ornaret.</span> <span class='ocrx_word' id='word_1_77' title='bbox 820 2362 968 2442; x_wconf 83' lang='lat' dir='ltr'>Quarum</span> <span class='ocrx_word' id='word_1_78' title='bbox 994 2361 1146 2428; x_wconf 83' lang='lat' dir='ltr'>videlicet</span> <span class='ocrx_word' id='word_1_79' title='bbox 1169 2362 1355 2429; x_wconf 85' lang='lat' dir='ltr'>litterarum</span> <span class='ocrx_word' id='word_1_80' title='bbox 1380 2362 1443 2427; x_wconf 82' lang='lat' dir='ltr'>iste</span> <span class='ocrx_word' id='word_1_81' title='bbox 1465 2366 1516 2427; x_wconf 88' lang='lat' dir='ltr'>est</span> 
     </span>
    </p>

    <p class='ocr_par' dir='ltr' id='par_1_5' title="bbox 460 2466 1518 4390">
     <span class='ocr_line' id='line_1_13' title="bbox 462 2466 563 2531; baseline -0.01 -1"><span class='ocrx_word' id='word_1_82' title='bbox 462 2466 563 2531; x_wconf 88' lang='lat' dir='ltr'>ordo:</span> 
     </span>
     <span class='ocr_line' id='line_1_14' title="bbox 508 2564 1516 2653; baseline 0 -21"><span class='ocrx_word' id='word_1_83' title='bbox 508 2566 683 2632; x_wconf 90' lang='lat' dir='ltr'>“Domino</span> <span class='ocrx_word' id='word_1_84' title='bbox 709 2564 983 2633; x_wconf 81' lang='lat' dir='ltr'>exoollentissimo</span> <span class='ocrx_word' id='word_1_85' title='bbox 1007 2570 1107 2653; x_wconf 87' lang='lat' dir='ltr'>atque</span> <span class='ocrx_word' id='word_1_86' title='bbox 1124 2565 1423 2652; x_wconf 78' lang='lat' dir='ltr'>praeoellentissimo</span> <span class='ocrx_word' id='word_1_87' title='bbox 1447 2564 1516 2632; x_wconf 83' lang='lat' dir='ltr'>fflio</span> 
     </span>
     <span class='ocr_line' id='line_1_15' title="bbox 462 2668 1516 2756; baseline 0 -21"><span class='ocrx_word' id='word_1_88' title='bbox 462 2670 604 2735; x_wconf 85' lang='lat' dir='ltr'>Edwino</span> <span class='ocrx_word' id='word_1_89' title='bbox 644 2668 714 2755; x_wconf 83' lang='lat' dir='ltr'>regi</span> <span class='ocrx_word' id='word_1_90' title='bbox 754 2669 940 2756; x_wconf 80' lang='lat' dir='ltr'>Anglorum</span> <span class='ocrx_word' id='word_1_91' title='bbox 980 2668 1151 2735; x_wconf 90' lang='lat' dir='ltr'>Honorius</span> <span class='ocrx_word' id='word_1_92' title='bbox 1192 2670 1361 2756; x_wconf 77' lang='lat' dir='ltr'>episeopus</span> <span class='ocrx_word' id='word_1_93' title='bbox 1402 2690 1516 2735; x_wconf 80' lang='lat' dir='ltr'>servus</span> 
     </span>
     <span class='ocr_line' id='line_1_16' title="bbox 460 2770 1515 2839; baseline -0.002 0"><span class='ocrx_word' id='word_1_94' title='bbox 460 2772 652 2839; x_wconf 73' lang='lat' dir='ltr'>servorum²</span> <span class='ocrx_word' id='word_1_95' title='bbox 683 2771 748 2838; x_wconf 89' lang='lat' dir='ltr'>Dei</span> <span class='ocrx_word' id='word_1_96' title='bbox 785 2772 935 2837; x_wconf 84' lang='lat' dir='ltr'>salutem.</span> <span class='ocrx_word' id='word_1_97' title='bbox 997 2772 1054 2837; x_wconf 81' lang='lat' dir='ltr'>Ita</span> <span class='ocrx_word' id='word_1_98' title='bbox 1095 2770 1361 2837; x_wconf 77' lang='lat' dir='ltr'>Christianitatis</span> <span class='ocrx_word' id='word_1_99' title='bbox 1395 2777 1515 2837; x_wconf 73' lang='lat' dir='ltr'>vestrae</span> 
     </span>
     <span class='ocr_line' id='line_1_17' title="bbox 461 2871 1516 2963; baseline -0.002 -21"><span class='ocrx_word' id='word_1_100' title='bbox 461 2874 638 2963; x_wconf 67' lang='lat' dir='ltr'>integritas</span> <span class='ocrx_word' id='word_1_101' title='bbox 663 2874 749 2940; x_wconf 84' lang='lat' dir='ltr'>eirca</span> <span class='ocrx_word' id='word_1_102' title='bbox 774 2874 826 2940; x_wconf 82' lang='lat' dir='ltr'>aui</span> <span class='ocrx_word' id='word_1_103' title='bbox 852 2871 1042 2940; x_wconf 79' lang='lat' dir='ltr'>conditoris</span> <span class='ocrx_word' id='word_1_104' title='bbox 1068 2873 1196 2940; x_wconf 83' lang='lat' dir='ltr'>cultum</span> <span class='ocrx_word' id='word_1_105' title='bbox 1219 2874 1298 2941; x_wconf 85' lang='lat' dir='ltr'>fidei</span> <span class='ocrx_word' id='word_1_106' title='bbox 1322 2878 1374 2946; x_wconf 84' lang='lat' dir='ltr'>est</span> <span class='ocrx_word' id='word_1_107' title='bbox 1399 2874 1516 2940; x_wconf 87' lang='lat' dir='ltr'>ardore</span> 
     </span>
     <span class='ocr_line' id='line_1_18' title="bbox 461 2975 1515 3063; baseline -0.004 -18"><span class='ocrx_word' id='word_1_108' title='bbox 461 3001 621 3056; x_wconf 82' lang='lat' dir='ltr'>suooenaa,</span> <span class='ocrx_word' id='word_1_109' title='bbox 652 2982 692 3042; x_wconf 90' lang='lat' dir='ltr'>ut</span> <span class='ocrx_word' id='word_1_110' title='bbox 721 2978 819 3063; x_wconf 85' lang='lat' dir='ltr'>longe</span> <span class='ocrx_word' id='word_1_111' title='bbox 857 2977 989 3062; x_wconf 83' lang='lat' dir='ltr'>lateque</span> <span class='ocrx_word' id='word_1_112' title='bbox 1028 2976 1242 3063; x_wconf 84' lang='lat' dir='ltr'>resplendeat,</span> <span class='ocrx_word' id='word_1_113' title='bbox 1274 2983 1310 3042; x_wconf 88' lang='lat' dir='ltr'>et</span> <span class='ocrx_word' id='word_1_114' title='bbox 1349 2977 1385 3042; x_wconf 90' lang='lat' dir='ltr'>in</span> <span class='ocrx_word' id='word_1_115' title='bbox 1424 2975 1515 3041; x_wconf 88' lang='lat' dir='ltr'>omni</span> 
     </span>
     <span class='ocr_line' id='line_1_19' title="bbox 461 3077 1518 3165; baseline -0.004 -18"><span class='ocrx_word' id='word_1_116' title='bbox 461 3083 585 3149; x_wconf 90' lang='lat' dir='ltr'>mundo</span> <span class='ocrx_word' id='word_1_117' title='bbox 616 3079 823 3157; x_wconf 77' lang='lat' dir='ltr'>annuntiata,</span> <span class='ocrx_word' id='word_1_118' title='bbox 853 3079 958 3144; x_wconf 79' lang='lat' dir='ltr'>vestri</span> <span class='ocrx_word' id='word_1_119' title='bbox 992 3079 1097 3165; x_wconf 79' lang='lat' dir='ltr'>operis</span> <span class='ocrx_word' id='word_1_120' title='bbox 1132 3078 1360 3164; x_wconf 84' lang='lat' dir='ltr'>multiplieiter</span> <span class='ocrx_word' id='word_1_121' title='bbox 1396 3077 1518 3144; x_wconf 84' lang='lat' dir='ltr'>reserat</span> 
     </span>
     <span class='ocr_line' id='line_1_20' title="bbox 462 3181 1515 3268; baseline -0.001 -21"><span class='ocrx_word' id='word_1_122' title='bbox 462 3184 614 3250; x_wconf 81' lang='lat' dir='ltr'>fructum.</span> <span class='ocrx_word' id='word_1_123' title='bbox 669 3183 724 3249; x_wconf 84' lang='lat' dir='ltr'>Sic</span> <span class='ocrx_word' id='word_1_124' title='bbox 764 3183 853 3247; x_wconf 91' lang='lat' dir='ltr'>enim</span> <span class='ocrx_word' id='word_1_125' title='bbox 883 3202 943 3247; x_wconf 80' lang='lat' dir='ltr'>voa</span> <span class='ocrx_word' id='word_1_126' title='bbox 972 3202 1065 3268; x_wconf 85' lang='lat' dir='ltr'>reges</span> <span class='ocrx_word' id='word_1_127' title='bbox 1101 3203 1169 3246; x_wconf 77' lang='lat' dir='ltr'>esse</span> <span class='ocrx_word' id='word_1_128' title='bbox 1199 3181 1403 3268; x_wconf 59' lang='lat' dir='ltr'>cognoscitu,</span> <span class='ocrx_word' id='word_1_129' title='bbox 1435 3181 1515 3247; x_wconf 90' lang='lat' dir='ltr'>dum</span> 
     </span>
     <span class='ocr_line' id='line_1_21' title="bbox 463 3282 1516 3371; baseline -0.004 -19"><span class='ocrx_word' id='word_1_130' title='bbox 463 3284 653 3352; x_wconf 73' lang='lat' dir='ltr'>Creatorem</span> <span class='ocrx_word' id='word_1_131' title='bbox 680 3291 715 3350; x_wconf 86' lang='lat' dir='ltr'>et</span> <span class='ocrx_word' id='word_1_132' title='bbox 745 3285 869 3371; x_wconf 85' lang='lat' dir='ltr'>Regem</span> <span class='ocrx_word' id='word_1_133' title='bbox 894 3288 1043 3349; x_wconf 82' lang='lat' dir='ltr'>vestrum</span> <span class='ocrx_word' id='word_1_134' title='bbox 1070 3283 1254 3350; x_wconf 84' lang='lat' dir='ltr'>orthodoxa</span> <span class='ocrx_word' id='word_1_135' title='bbox 1283 3282 1516 3371; x_wconf 80' lang='lat' dir='ltr'>praedioatione</span> 
     </span>
     <span class='ocr_line' id='line_1_22' title="bbox 463 3385 1516 3472; baseline 0 -20"><span class='ocrx_word' id='word_1_136' title='bbox 463 3389 579 3464; x_wconf 86' lang='lat' dir='ltr'>edooti,</span> <span class='ocrx_word' id='word_1_137' title='bbox 605 3387 715 3452; x_wconf 91' lang='lat' dir='ltr'>Deum</span> <span class='ocrx_word' id='word_1_138' title='bbox 741 3387 931 3454; x_wconf 86' lang='lat' dir='ltr'>venerando</span> <span class='ocrx_word' id='word_1_139' title='bbox 961 3385 1104 3464; x_wconf 72' lang='lat' dir='ltr'>eruditio,</span> <span class='ocrx_word' id='word_1_140' title='bbox 1130 3385 1233 3471; x_wconf 83' lang='lat' dir='ltr'>eique,</span> <span class='ocrx_word' id='word_1_141' title='bbox 1259 3386 1347 3472; x_wconf 90' lang='lat' dir='ltr'>quod</span> <span class='ocrx_word' id='word_1_142' title='bbox 1369 3386 1516 3452; x_wconf 87' lang='lat' dir='ltr'>humana</span> 
     </span>
     <span class='ocr_line' id='line_1_23' title="bbox 462 3488 1516 3566; baseline 0 -12"><span class='ocrx_word' id='word_1_143' title='bbox 462 3490 553 3554; x_wconf 83' lang='lat' dir='ltr'>vaiet</span> <span class='ocrx_word' id='word_1_144' title='bbox 591 3489 746 3566; x_wconf 84' lang='lat' dir='ltr'>eondioio,</span> <span class='ocrx_word' id='word_1_145' title='bbox 777 3489 900 3554; x_wconf 82' lang='lat' dir='ltr'>mentis</span> <span class='ocrx_word' id='word_1_146' title='bbox 940 3495 1060 3556; x_wconf 78' lang='lat' dir='ltr'>vestroe</span> <span class='ocrx_word' id='word_1_147' title='bbox 1101 3489 1260 3554; x_wconf 78' lang='lat' dir='ltr'>sinceram</span> <span class='ocrx_word' id='word_1_148' title='bbox 1303 3488 1516 3556; x_wconf 84' lang='lat' dir='ltr'>devotionem</span> 
     </span>
     <span class='ocr_line' id='line_1_24' title="bbox 464 3589 1516 3670; baseline 0.002 -14"><span class='ocrx_word' id='word_1_149' title='bbox 464 3589 657 3656; x_wconf 59' lang='lat' dir='ltr'>exsolvitis?</span> <span class='ocrx_word' id='word_1_150' title='bbox 702 3589 793 3670; x_wconf 83' lang='lat' dir='ltr'>Quid</span> <span class='ocrx_word' id='word_1_151' title='bbox 818 3591 907 3656; x_wconf 87' lang='lat' dir='ltr'>enim</span> <span class='ocrx_word' id='word_1_152' title='bbox 938 3592 1009 3658; x_wconf 86' lang='lat' dir='ltr'>Deo</span> <span class='ocrx_word' id='word_1_153' title='bbox 1033 3595 1145 3658; x_wconf 80' lang='lat' dir='ltr'>nostro</span> <span class='ocrx_word' id='word_1_154' title='bbox 1169 3591 1261 3656; x_wconf 89' lang='lat' dir='ltr'>aliud</span> <span class='ocrx_word' id='word_1_155' title='bbox 1286 3591 1402 3658; x_wconf 87' lang='lat' dir='ltr'>offerro</span> <span class='ocrx_word' id='word_1_156' title='bbox 1425 3593 1516 3658; x_wconf 86' lang='lat' dir='ltr'>vale·</span> 
     </span>
     <span class='ocr_line' id='line_1_25' title="bbox 463 3692 1515 3781; baseline 0.001 -22"><span class='ocrx_word' id='word_1_157' title='bbox 463 3695 581 3774; x_wconf 85' lang='lat' dir='ltr'>bimus,</span> <span class='ocrx_word' id='word_1_158' title='bbox 608 3692 674 3758; x_wconf 80' lang='lat' dir='ltr'>nisi</span> <span class='ocrx_word' id='word_1_159' title='bbox 699 3697 740 3758; x_wconf 89' lang='lat' dir='ltr'>ut</span> <span class='ocrx_word' id='word_1_160' title='bbox 764 3693 802 3757; x_wconf 90' lang='lat' dir='ltr'>in</span> <span class='ocrx_word' id='word_1_161' title='bbox 827 3693 922 3760; x_wconf 76' lang='lat' dir='ltr'>bonis</span> <span class='ocrx_word' id='word_1_162' title='bbox 949 3695 1077 3760; x_wconf 78' lang='lat' dir='ltr'>actibus</span> <span class='ocrx_word' id='word_1_163' title='bbox 1100 3693 1318 3780; x_wconf 83' lang='lat' dir='ltr'>persistentes,</span> <span class='ocrx_word' id='word_1_164' title='bbox 1343 3695 1515 3781; x_wconf 84' lang='lat' dir='ltr'>ipsumque</span> 
     </span>
     <span class='ocr_line' id='line_1_26' title="bbox 465 3792 1516 3883; baseline 0 -21"><span class='ocrx_word' id='word_1_165' title='bbox 465 3797 643 3864; x_wconf 85' lang='lat' dir='ltr'>Auctorem</span> <span class='ocrx_word' id='word_1_166' title='bbox 691 3792 829 3860; x_wconf 86' lang='lat' dir='ltr'>humani</span> <span class='ocrx_word' id='word_1_167' title='bbox 873 3798 1002 3883; x_wconf 79' lang='lat' dir='ltr'>generis</span> <span class='ocrx_word' id='word_1_168' title='bbox 1043 3797 1244 3874; x_wconf 74' lang='lat' dir='ltr'>confitentes,</span> <span class='ocrx_word' id='word_1_169' title='bbox 1292 3817 1368 3862; x_wconf 87' lang='lat' dir='ltr'>eum</span> <span class='ocrx_word' id='word_1_170' title='bbox 1412 3796 1516 3862; x_wconf 85' lang='lat' dir='ltr'>oolere</span> 
     </span>
     <span class='ocr_line' id='line_1_27' title="bbox 465 3897 1517 3986; baseline -0.003 -19"><span class='ocrx_word' id='word_1_171' title='bbox 465 3902 560 3986; x_wconf 88' lang='lat' dir='ltr'>eique</span> <span class='ocrx_word' id='word_1_172' title='bbox 583 3904 663 3966; x_wconf 82' lang='lat' dir='ltr'>vota</span> <span class='ocrx_word' id='word_1_173' title='bbox 687 3904 802 3965; x_wconf 81' lang='lat' dir='ltr'>nostra</span> <span class='ocrx_word' id='word_1_174' title='bbox 823 3899 957 3965; x_wconf 88' lang='lat' dir='ltr'>reddere</span> <span class='ocrx_word' id='word_1_175' title='bbox 981 3900 1197 3964; x_wconf 63' lang='lat' dir='ltr'>festinemus?</span> <span class='ocrx_word' id='word_1_176' title='bbox 1242 3897 1288 3964; x_wconf 84' lang='lat' dir='ltr'>Et</span> <span class='ocrx_word' id='word_1_177' title='bbox 1310 3899 1394 3978; x_wconf 88' lang='lat' dir='ltr'>ideo,</span> <span class='ocrx_word' id='word_1_178' title='bbox 1410 3899 1517 3964; x_wconf 78' lang='lat' dir='ltr'>excel-</span> 
     </span>
     <span class='ocr_line' id='line_1_28' title="bbox 464 4001 1516 4087; baseline -0.001 -18"><span class='ocrx_word' id='word_1_179' title='bbox 464 4004 645 4070; x_wconf 72' lang='lat' dir='ltr'>lentissime</span> <span class='ocrx_word' id='word_1_180' title='bbox 675 4001 724 4066; x_wconf 85' lang='lat' dir='ltr'>fili</span> <span class='ocrx_word' id='word_1_181' title='bbox 753 4002 808 4079; x_wconf 92' lang='lat' dir='ltr'>mi,</span> <span class='ocrx_word' id='word_1_182' title='bbox 839 4006 978 4087; x_wconf 85' lang='lat' dir='ltr'>paterna</span> <span class='ocrx_word' id='word_1_183' title='bbox 1009 4023 1069 4067; x_wconf 83' lang='lat' dir='ltr'>voe</span> <span class='ocrx_word' id='word_1_184' title='bbox 1098 4001 1236 4066; x_wconf 84' lang='lat' dir='ltr'>caritate</span> <span class='ocrx_word' id='word_1_185' title='bbox 1266 4023 1333 4086; x_wconf 89' lang='lat' dir='ltr'>qua</span> <span class='ocrx_word' id='word_1_186' title='bbox 1361 4003 1516 4068; x_wconf 81' lang='lat' dir='ltr'>convenit</span> 
     </span>
     <span class='ocr_line' id='line_1_29' title="bbox 466 4103 1517 4189; baseline -0.002 -17"><span class='ocrx_word' id='word_1_187' title='bbox 466 4108 685 4182; x_wconf 81' lang='lat' dir='ltr'>exhortamur,</span> <span class='ocrx_word' id='word_1_188' title='bbox 713 4109 753 4169; x_wconf 91' lang='lat' dir='ltr'>ut</span> <span class='ocrx_word' id='word_1_189' title='bbox 779 4103 840 4169; x_wconf 90' lang='lat' dir='ltr'>hoo</span> <span class='ocrx_word' id='word_1_190' title='bbox 869 4105 958 4189; x_wconf 89' lang='lat' dir='ltr'>quod</span> <span class='ocrx_word' id='word_1_191' title='bbox 984 4125 1043 4169; x_wconf 86' lang='lat' dir='ltr'>vos</span> <span class='ocrx_word' id='word_1_192' title='bbox 1074 4103 1198 4168; x_wconf 90' lang='lat' dir='ltr'>Divina</span> <span class='ocrx_word' id='word_1_193' title='bbox 1227 4103 1450 4168; x_wconf 84' lang='lat' dir='ltr'>miserioordia</span> <span class='ocrx_word' id='word_1_194' title='bbox 1473 4105 1517 4170; x_wconf 83' lang='lat' dir='ltr'>ad</span> 
     </span>
     <span class='ocr_line' id='line_1_30' title="bbox 465 4204 1516 4294; baseline -0.003 -21"><span class='ocrx_word' id='word_1_195' title='bbox 465 4231 559 4274; x_wconf 83' lang='lat' dir='ltr'>suam</span> <span class='ocrx_word' id='word_1_196' title='bbox 589 4207 730 4294; x_wconf 83' lang='lat' dir='ltr'>gratiam</span> <span class='ocrx_word' id='word_1_197' title='bbox 759 4227 876 4271; x_wconf 79' lang='lat' dir='ltr'>vocare</span> <span class='ocrx_word' id='word_1_198' title='bbox 907 4205 1043 4292; x_wconf 82' lang='lat' dir='ltr'>dignata</span> <span class='ocrx_word' id='word_1_199' title='bbox 1073 4210 1131 4282; x_wconf 83' lang='lat' dir='ltr'>est,</span> <span class='ocrx_word' id='word_1_200' title='bbox 1163 4204 1302 4270; x_wconf 81' lang='lat' dir='ltr'>sollicita</span> <span class='ocrx_word' id='word_1_201' title='bbox 1331 4205 1516 4271; x_wconf 88' lang='lat' dir='ltr'>intentione</span> 
     </span>
     <span class='ocr_line' id='line_1_31' title="bbox 464 4306 1517 4390; baseline -0.002 -14"><span class='ocrx_word' id='word_1_202' title='bbox 464 4317 500 4376; x_wconf 89' lang='lat' dir='ltr'>et</span> <span class='ocrx_word' id='word_1_203' title='bbox 529 4308 668 4374; x_wconf 72' lang='lat' dir='ltr'>assiduis</span> <span class='ocrx_word' id='word_1_204' title='bbox 694 4307 899 4375; x_wconf 80' lang='lat' dir='ltr'>orationibus</span> <span class='ocrx_word' id='word_1_205' title='bbox 929 4330 1059 4375; x_wconf 81' lang='lat' dir='ltr'>servare</span> <span class='ocrx_word' id='word_1_206' title='bbox 1090 4308 1180 4372; x_wconf 87' lang='lat' dir='ltr'>omni</span> <span class='ocrx_word' id='word_1_207' title='bbox 1207 4308 1304 4374; x_wconf 90' lang='lat' dir='ltr'>modo</span> <span class='ocrx_word' id='word_1_208' title='bbox 1333 4306 1517 4390; x_wconf 79' lang='lat' dir='ltr'>festinetis3</span> 
     </span>
    </p>
   </div>
   <div class='ocr_carea' id='block_1_5' title="bbox 465 4624 1410 4842">
    <p class='ocr_par' dir='ltr' id='par_1_6' title="bbox 465 4624 1410 4842">
     <span class='ocr_line' id='line_1_32' title="bbox 499 4624 1410 4694; baseline -0.003 -15"><span class='ocrx_word' id='word_1_209' title='bbox 499 4627 658 4694; x_wconf 56' lang='lat' dir='ltr'>monoperae]</span> <span class='ocrx_word' id='word_1_210' title='bbox 671 4627 874 4693; x_wconf 67' lang='lat' dir='ltr'>aooeporetMS.</span> <span class='ocrx_word' id='word_1_211' title='bbox 1047 4625 1208 4694; x_wconf 65' lang='grc' dir='ltr'>ἐπιοίυὲιὼ]</span> <span class='ocrx_word' id='word_1_212' title='bbox 1221 4624 1410 4689; x_wconf 64' lang='lat' dir='ltr'>uolutatus„</span> 
     </span>
     <span class='ocr_line' id='line_1_33' title="bbox 497 4707 963 4774; baseline 0 -15"><span class='ocrx_word' id='word_1_213' title='bbox 497 4711 602 4759; x_wconf 72' lang='lat' dir='ltr'>’mm</span> <span class='ocrx_word' id='word_1_214' title='bbox 611 4707 745 4774; x_wconf 72' lang='lat' dir='ltr'>servom]</span> <span class='ocrx_word' id='word_1_215' title='bbox 767 4722 854 4759; x_wconf 74' lang='lat' dir='ltr'>servus</span> <span class='ocrx_word' id='word_1_216' title='bbox 868 4721 963 4770; x_wconf 71' lang='lat' dir='ltr'>servus,</span> 
     </span>
     <span class='ocr_line' id='line_1_34' title="bbox 465 4786 766 4842; baseline -0.007 -2"><span class='ocrx_word' id='word_1_217' title='bbox 465 4787 522 4842; x_wconf 79' lang='lat' dir='ltr'>MS.</span> <span class='ocrx_word' id='word_1_218' title='bbox 556 4787 604 4841; x_wconf 82' lang='lat' dir='ltr'>See</span> <span class='ocrx_word' id='word_1_219' title='bbox 613 4787 676 4840; x_wconf 82' lang='lat' dir='ltr'>Bed.</span> <span class='ocrx_word' id='word_1_220' title='bbox 686 4786 713 4839; x_wconf 89' lang='lat' dir='ltr'>ii.</span> <span class='ocrx_word' id='word_1_221' title='bbox 727 4791 766 4840; x_wconf 82' lang='lat'>17.</span> 
     </span>
    </p>
   </div>
   <div class='ocr_carea' id='block_1_6' title="bbox 0 0 1777 5796">
    <p class='ocr_par' dir='ltr' id='par_1_7' title="bbox 0 0 1777 5796">
     <span class='ocr_line' id='line_1_35' title="bbox 0 0 1777 5796; baseline 0 0"><span class='ocrx_word' id='word_1_222' title='bbox 0 0 1777 5796; x_wconf 95' lang='lat' dir='ltr'> </span> 
     </span>
    </p>
   </div>
  </div>
 </body>
</html>
