3542 5800
493 924 542 975 na
563 924 679 976 amns
700 924 823 977 aranu
844 912 1098 976 111111-1111.
1258 910 1322 975 113

268 1111 423 1197 graviora
451 1122 560 1177 essent
584 1110 800 1197 displicentia.
846 1110 966 1199 Itaque
996 1110 1181 1199 agebantur
1206 1116 1324 1177 1111111111

269 1234 342 1298 quae
373 1212 474 1279 saluti
508 1213 640 1280 fuerant
670 1212 842 1291 contraria,
867 1234 906 1279 ao
928 1214 956 1280 si
978 1214 1062 1279 nihil
1095 1212 1265 1279 medicina
1302 1236 1324 1276 a

268 1336 347 1379 vero
382 1315 530 1381 omnium
562 1314 694 1382 Medion
725 1316 921 1404 largiretur3
959 1320 994 1382 et
1025 1338 1091 1381 non
1122 1316 1227 1383 solnm
1261 1314 1322 1380 hoe

267 1418 438 1484 amulam
451 1418 599 1495 vi1i‚sed
620 1424 655 1485 et
676 1418 746 1506 ipse
765 1440 847 1506 grex
864 1418 1000 1485 Domini
1022 1418 1156 1507 eiusque
1177 1422 1323 1507 pastores

269 1521 339 1586 sine
371 1519 568 1587 discretione
605 1520 790 1587 faciebant.¹
846 1520 925 1587 Non
959 1513 1062 1609 igitur
1093 1520 1321 1587 admirandum

269 1628 320 1689 est
333 1624 509 1711 degeneres
526 1624 610 1690 tales
634 1624 706 1691 Deo
724 1624 768 1691 ob
787 1624 871 1689 talia
894 1624 1014 1690 seelera
1036 1624 1158 1691 invisos
1180 1622 1321 1710 patriam

269 1724 361 1791 illam
398 1727 560 1804 amittere,
601 1748 702 1813 quam
738 1726 837 1794 modo
876 1728 1033 1815 praedicto
1070 1726 1320 1793 maculaverant

273 1828 413 1895 Volebat
434 1830 523 1895 enim
556 1828 648 1895 Deus
669 1828 851 1895 vindictam
884 1851 1021 1907 sumere,
1046 1829 1125 1894 durn
1148 1832 1320 1895 externum

269 1932 429 2019 poprdum
460 1932 670 2019 supervenire
702 1954 816 2020 passus
847 1936 906 2009 est,
932 1933 989 2019 qui
1011 1954 1066 1997 eos
1088 1930 1203 2018 patriis
1234 1929 1322 2017 agris

269 2034 536 2100 exterminarent
586 2034 734 2121 Dignum
772 2039 884 2100 tamen
922 2040 1017 2113 esset,
1055 2034 1084 2100 si
1123 2033 1212 2099 Deus
1250 2054 1318 2119 per-

269 2136 427 2216 mitteret,
451 2138 539 2203 aives
560 2137 709 2224 pristinae
740 2136 897 2225 dignitati
929 2136 1111 2215 restituere,
1134 2156 1176 2201 ne
1209 2136 1321 2222 generi

269 2246 382 2305 nostro
404 2239 616 2331 obprobrium
647 2240 693 2305 sit
724 2262 784 2306 nos
815 2239 939 2305 debiles
961 2238 1060 2305 irrisae
1091 2242 1239 2319 rectores,
1262 2236 1320 2323 qui

270 2346 416 2429 tempore
457 2347 571 2408 nostro
611 2343 647 2407 in
690 2342 726 2407 id
771 2362 839 2408 non
888 2341 1161 2409 desudaverimus.
1226 2340 1319 2406 Idem

269 2448 392 2510 etenim
432 2445 529 2511 nobis
568 2445 710 2511 atavus¹
741 2444 814 2523 fuit,
853 2446 942 2511 unde
979 2445 1121 2511 securius
1158 2444 1320 2509 auxilium

269 2552 366 2613 tuum
396 2547 535 2634 postrdo.
581 2546 693 2635 Malgo
722 2570 872 2635 namque,
904 2570 1051 2615 summas
1081 2548 1137 2613 ille
1170 2568 1238 2625 rex,
1263 2546 1320 2631 qui

269 2655 342 2736 post
379 2650 567 2715 Arthurum
612 2655 749 2735 quartus
790 2656 993 2739 regnaverat
1032 2652 1114 2717 duos
1150 2648 1466 2737 generavitPedigreee

268 2753 361 2829 filios,
393 2775 534 2839 quorum
571 2774 658 2819 unus
689 2752 865 2831 Grrmanus,
890 2754 974 2819 alter
1004 2774 1083 2819 vero
1118 2752 1194 2818 Run
1227 2774 1321 2817 vooa·
1331 2726 1465 2845 Ἕω]

269 2855 375 2922 batur.
422 2856 591 2924 Cumanus
625 2860 738 2922 autem
771 2855 889 2944 genuit
923 2856 1038 2936 Belin,
1052 2854 1125 2922 Beli
1147 2854 1171 2922 J
1173 2874 1319 2942 agonem
1333 2860 1440 2913 8111111.

269 2957 356 3045 Jago
379 2957 574 3024 Oadnanam
605 2963 732 3046 patrem
763 2981 881 3026 meam
928 2959 1025 3027 Runo
1048 2979 1133 3036 vero,
1157 2957 1215 3043 qui
1246 2961 1321 3042 post

269 3061 398 3127 obitum
428 3061 540 3127 fratris
578 3061 734 3149 expulsus
764 3061 838 3139 fuit,
873 3059 1112 3148 inquietatione
1150 3059 1320 3126 Saxonum

269 3163 353 3230 hano
390 3165 532 3251 patriam
569 3163 686 3242 adivit,
725 3162 882 3250 deditque
919 3163 1021 3228 filiam
1058 3183 1151 3226 suem
1190 3158 1320 3225 Hohelo

270 3266 352 3345 duoi,
386 3267 457 3331 filio
490 3267 602 3354 magni
638 3265 770 3345 Hoheli,
810 3267 868 3350 qui
906 3287 980 3331 oum
1014 3263 1161 3330 Arthuro
1198 3263 1321 3349 patrias

270 3369 510 3457 subiugarerat
566 3369 620 3433 En
656 3369 725 3433 illa'
750 3373 850 3434 natus
887 3373 938 3433 est
972 3367 1106 3446 Alanus,
1140 3387 1182 3434 ex
1213 3363 1321 3430 Alano

271 3471 419 3539 Hohelus
450 3477 545 3560 pater
575 3478 663 3549 tuus,
697 3472 756 3557 qui
787 3470 867 3536 dum
890 3472 979 3537 vixit
1010 3471 1075 3538 toti
1107 3471 1223 3536 (lalliae
1254 3491 1322 3535 non

270 3575 443 3640 minimum
480 3574 642 3640 inferebat
679 3573 866 3640 terrorem?
922 3575 1055 3642 Interea
1086 3574 1252 3642 hiemante
1283 3581 1411 3640 eoBrian

270 3678 357 3765 apud
387 3676 604 3753 Salomonem,
627 3676 776 3742 inienmt
802 3677 984 3758 eonsilium,
1012 3597 1488 3832 111Β11111111111111-1ῖῖῗίζὲιιὶω

269 3780 357 3846 fatus
387 3801 489 3866 nepos
522 3779 607 3866 regis
643 3778 679 3844 in
717 3779 926 3845 Britanniam
963 3780 1199 3855 transfretaret,
1239 3795 1383 3896 pne-pp

269 3881 438 3968 fatumque
461 3880 662 3968 astrologum
687 3881 827 3947 Edwino
853 3880 923 3968 regi
945 3882 1058 3947 futura
1079 3855 1342 3968 praedicentem,
1332 3847 1443 3966 §iffi

270 3983 352 4050 dont
374 3983 598 4071 praediximus,
629 4005 696 4068 qua
725 3983 766 4049 de
795 4005 831 4048 re
857 3983 1063 4050 Cadwelloni
1092 4001 1254 4068 regressus
1285 3981 1319 4044 in

270 4086 410 4172 patriam
439 4085 549 4151 firerat
575 4085 763 4172 denegatus,
788 4085 898 4172 aliquo
932 4085 1029 4150 modo
1063 4084 1244 4171 perimeret,
1278 4103 1319 4148 ne

270 4187 365 4253 solita
390 4192 462 4253 arte
491 4188 672 4253 adventum
703 4186 923 4254 Cadwallonis
954 4186 1122 4252 indicaret.
1170 4185 1320 4270 Cumque

271 4289 410 4356 Brianus
424 4290 460 4353 in
475 4295 574 4377 portu
589 4289 760 4370 Hemonis,
784 4290 821 4354 id
844 4295 895 4356 est
918 4287 1201 4376 Southamptonia,
1217 4288 1321 4374 sppli-

270 4392 395 4472 euisset,
425 4392 526 4456 finxit
555 4413 590 4456 se
619 4391 705 4456 infra
730 4393 930 4458 vestimenta
960 4390 1128 4458 cuiusdam
1160 4391 1318 4479 pauperis,

271 4493 410 4582 fecitque
447 4493 510 4560 sibi
546 4492 699 4560 baculum
729 4493 869 4560 ferreum
909 4517 975 4583 quo
1013 4494 1213 4582 astrologum
1251 4495 1320 4558 sive

1133 4709 1143 4714 -
1152 4707 1247 4714 .--—---
1269 4705 1287 4714 ιι

305 4841 461 4912 'swktaaq
472 4842 652 4906 tarentus.
782 4842 789 4910 l
851 4842 974 4910 'slavand
988 4839 1162 4903 111111111αὸι
