3542 5800
493 894 537 963 18
723 951 726 957 .
761 905 828 961 nro.
851 904 899 957 na
921 902 1055 955 orasse.
1079 901 1167 953 eruc
1190 900 1276 953 mss.

323 1108 463 1188 Vorugsrn
492 1099 604 1161 autem
642 1094 689 1162 sic
720 1094 894 1173 desolatus,
925 1098 960 1161 ct
989 1091 1111 1159 inscius
1147 1091 1228 1178 quid
1264 1094 1378 1159 contra
1413 1092 1544 1177 gentem

324 1183 477 1295 muto
493 1198 662 1265 saxonum
690 1202 811 1284 ageret,
838 1196 969 1263 secessit
998 1195 1042 1261 ed
1071 1192 1219 1261 occiduas
1244 1198 1355 1281 partes
1382 1191 1544 1259 (lambriae

326 1332 479 1385 cmm
493 1302 582 1387 apud
596 1300 754 1387 oppidum
769 1299 950 1367 Generium
964 1320 1061 1385 super
1076 1296 1199 1363 flumen
1214 1295 1361 1361 Gwanisc
1380 1295 1416 1359 in
1433 1298 1543 1359 monte

325 1400 441 1521 mea
494 1402 655 1484 Gloaroio,
670 1409 705 1469 et
726 1424 795 1469 sese
817 1423 877 1491 pro
899 1400 1062 1469 tutamine
1085 1398 1172 1465 infra
1193 1398 1350 1485 oppidum
1371 1396 1510 1463 inclusit.

326 1728 416 1780 m
951 1677 1030 1747 Cur.
1055 1678 1094 1747 X.
1130 1624 1133 1629 Ι

325 1796 431 1928 &23¹⁸
500 1830 544 1897 Ut
563 1850 646 1914 parra
668 1825 858 1895 Britoaum
871 1825 972 1893 misit
993 1826 1038 1895 irc
1051 1825 1224 1894 minorem
1238 1825 1469 1893 Britanniam
1480 1846 1545 1911 pru

327 1929 443 2046 &viggo-
531 1929 923 1999 Aureliortoabrcsioao
946 1936 976 1997 ct
998 1929 1280 2017 Uterpondrussca
1295 1928 1407 2017 fratrc
1430 1928 1513 1995 cios.

329 2078 354 2127 p.
366 2067 405 2112 19.

326 2146 464 2265 ini'bffl'
495 2218 576 2285 gens
613 2195 787 2263 Britonum
823 2195 860 2261 in
897 2196 1057 2265 minorem
1091 2196 1298 2265 Britanniam
1335 2194 1468 2261 nuntios
1504 2194 1548 2259 ad

326 2280 483 2395 {duma-‘⁹'
496 2298 670 2365 Aurelium
701 2296 957 2363 Ambrosianum
992 2303 1027 2367 et
1059 2296 1390 2387 Uterpcndrugonem
1412 2298 1546 2363 fratrem

327 2412 459 2462 ermanus
497 2401 575 2479 eius,
606 2400 664 2487 qui
693 2420 762 2485 prm
790 2399 908 2465 timore
938 2400 1130 2487 Vortigcrni
1164 2401 1242 2467 illuc
1281 2400 1371 2465 missi
1407 2398 1545 2475 fuerant

327 2478 479 2609 {ssffiffi
498 2500 706 2581 destinantes,
745 2500 995 2588 postulaverunt
1041 2502 1193 2571 obnixius
1231 2507 1266 2569 et
1302 2502 1470 2581 instanter,
1509 2504 1548 2565 ut

326 2611 475 2727 iffi&
498 2603 652 2670 velociter
693 2624 735 2668 ex
779 2607 888 2669 tractu
930 2603 1143 2673 Armorioano
1180 2605 1224 2673 ad
1261 2604 1333 2671 illos
1370 2603 1546 2681 venientes,

328 2742 486 2809 mma„
499 2704 687 2773 Senonibus
726 2711 760 2773 et
803 2727 881 2793 rege
919 2706 1118 2795 vortigerno
1164 2706 1315 2794 expulsis,
1367 2706 1549 2773 Britannias

327 2809 437 2863 Britons
498 2808 699 2896 susciperent
721 2806 880 2875 diadema
930 2809 979 2873 At
1008 2809 1057 2877 illi
1087 2809 1153 2875 iam
1183 2807 1322 2877 adultac¹
1355 2807 1463 2877 suta
1493 2828 1549 2873 ex·

541 2096 647 2161 Auso
681 2092 797 2180 gratiae
836 2092 1157 2181 quadringentesimo
1192 2093 1393 2181 sexagesimo
1429 2096 1546 2178 qusrto

498 2910 644 2989 istentes,
674 2909 739 2976 iter
768 2931 865 2975 suum
883 2909 1032 2998 'proinde
1069 2933 1143 2978 cum
1180 2912 1322 2980 novibus
1351 2917 1385 2978 st
1414 2910 1549 2976 ermetis
1669 2901 1670 2908 '

332 3037 423 3088 Marta
498 3013 660 3078 militibus
697 3019 908 3100 paraverunt
953 3014 1024 3079 Nec
1054 3036 1167 3081 mora:
1207 3013 1364 3102 applicuit
1397 3012 1549 3078 Aurelius

328 3109 430 3236 wi
498 3115 693 3182 Ambrosius
731 3137 805 3180 cum
839 3116 941 3182 fratre
977 3139 1036 3184 suo
1068 3116 1361 3204 Uterpendragonc
1391 3120 1426 3180 et
1454 3115 1549 3178 innu-

330 3209 403 3304 psi.
499 3241 590 3284 mera
612 3240 713 3283 manu
737 3223 946 3284 armatorum.
1004 3219 1238 3286 Convenerunt
1260 3220 1374 3305 itaque
1398 3217 1549 3284 Britones

330 3318 480 3432 zffifflb
499 3321 643 3405 undiquc
678 3320 821 3404 dispcrsi,
853 3325 888 3384 et
918 3327 1093 3388 convocato
1130 3323 1223 3408 regni
1253 3322 1344 3399 clerc,
1378 3319 1549 3384 Aurelium

330 3448 400 3516 king.
499 3420 535 3484 in
561 3442 671 3506 regem
695 3427 878 3486 erexerunt.

333 3744 423 3844 Μ
945 3711 1022 3780 CAP.
1047 3711 1106 3779 XI.

332 3857 438 3988 m·
717 3858 760 3926 Ut
789 3857 1012 3945 Vortiperaus
1035 3859 1199 3930 incendio
1217 3862 1333 3950 pariit.

332 3989 488 4120 milen&
547 4017 652 4082 Asso
666 4017 783 4104 gratiss
798 4018 1116 4105 quadringentesimo
1136 4021 1335 4108 sexagesimo
1359 4029 1461 4100 sexto,
1477 4043 1551 4088 oum

333 4135 471 4188 A.D.4eo.
503 4120 655 4184 Britanni
670 4142 779 4206 regem
804 4120 980 4186 Aurelium
1003 4121 1258 4202 cohortarentur,
1284 4130 1322 4190 ut
1345 4125 1382 4189 in
1405 4125 1551 4190 Saxones

503 4222 662 4306 impetum
684 4221 813 4298 faceret,
830 4223 984 4288 dissuasit
1005 4245 1071 4288 rex.
1118 4223 1205 4289 Nam
1220 4227 1310 4312 prius
1325 4227 1431 4291 voluit
1446 4249 1552 4313 persc-

503 4322 560 4408 qui
575 4321 816 4410 Vortigernum.
863 4325 991 4389 Deinde
1006 4325 1185 4390 exercitum
1200 4349 1296 4392 suum
1312 4328 1346 4392 iu
1364 4327 1552 4394 Cambriam

335 4427 454 4546 mlii?
503 4425 654 4512 dirigens,
678 4425 834 4510 oppidum
850 4424 1027 4492 Generium
1043 4428 1169 4514 petivit.
1216 4427 1267 4495 Ut
1289 4429 1392 4520 igitur
1412 4431 1454 4496 ad
1470 4429 1552 4495 illud

333 4497 433 4628 'm‘
502 4526 661 4614 pervenit,
691 4527 886 4613 proditionis
917 4529 1003 4616 patri
1026 4534 1060 4594 et
1086 4529 1180 4594 fratri
1208 4531 1308 4598 illatae
1334 4533 1550 4610 reminiscens,

337 4629 479 4695 Vorogem.

565 4719 573 4725 -
585 4719 812 4726 -Q--n——ae-

864 4831 871 4861 ¹
890 4828 992 4900 multu]
1006 4829 1182 4892 adnullatis.
