3542 5800
470 874 534 943 320
734 888 801 940 arc.
824 888 871 938 na
892 885 1027 938 eramo
1048 885 1137 937 arno.
1159 885 1247 937 nrsr.

469 1066 661 1135 candelabro
698 1067 822 1145 cecidit,
854 1066 977 1153 dinque
1004 1086 1102 1152 super
1130 1061 1230 1151 pallia
1254 1067 1288 1131 et
1316 1026 1539 1131 masmine*

471 1172 583 1237 altaris
612 1192 650 1237 ac
686 1172 714 1235 si
743 1191 842 1257 super
878 1170 1000 1237 siceum
1029 1168 1172 1256 lapidem
1205 1168 1295 1233 nsit
1364 1166 1515 1253 Cumque

471 1273 623 1341 monachi
663 1275 825 1361 ceterique
861 1273 1005 1339 ministri
1042 1270 1262 1358 expergefacti
1297 1269 1341 1335 ad
1385 1275 1514 1335 tantam

471 1377 706 1465 negligentiam
728 1399 822 1444 suam
846 1376 1023 1452 exilissent,
1053 1375 1253 1441 invenerunt
1273 1372 1441 1439 candelam
1469 1374 1515 1439 ad

471 1502 657 1548 mensuram
680 1480 767 1547 ulnae
789 1479 905 1545 favilla
924 1480 1078 1565 signante
1107 1477 1348 1564 conflagratam,
1378 1476 1516 1563 raptim-

472 1606 535 1671 que
559 1585 705 1651 levantes
727 1582 896 1650 eandelam
919 1603 1056 1649 excussa
1079 1580 1195 1647 favilla
1219 1580 1377 1647 viderunt
1405 1582 1517 1646 omnia

473 1688 582 1765 illaesa,
599 1687 723 1752 nullam
741 1708 871 1773 prorsus
893 1684 1036 1751 incendii
1057 1684 1112 1749 vel
1128 1684 1213 1749 cerei
1228 1684 1340 1749 fluoris
1353 1682 1516 1748 maculam

474 1792 639 1856 habentia.
701 1788 783 1870 Quis
806 1796 887 1855 tnnc
910 1790 946 1853 in
973 1792 1069 1853 tanto
1090 1786 1209 1874 populo
1231 1791 1337 1852 tacere
1356 1785 1419 1852 Dei
1433 1808 1518 1873 pne·

471 1894 565 1962 conia
578 1897 709 1981 poterat
723 1892 759 1958 in
773 1898 919 1979 martyre
933 1895 1016 1957 suot
1087 1930 1090 1935 -

874 2193 1125 2259 commemo.

522 2388 566 2454 IN
583 2386 736 2453 Olentum
751 2406 829 2453 vero
846 2384 974 2451 delatus
996 2382 1104 2449 locum
1125 2382 1331 2448 monumenti
1353 2381 1405 2447 sui
1420 2381 1520 2446 tertio

475 2491 631 2557 miraculo
646 2487 794 2555 celebrat.
849 2488 883 2553 N
884 2511 938 2554 am
960 2486 1009 2552 ibi
1030 2486 1173 2575 puellam
1195 2492 1292 2553 terrae
1306 2491 1403 2551 tenus
1424 2483 1519 2548 incli-

474 2601 587 2661 natam
617 2593 724 2679 gratia
754 2592 938 2658 Salvatoris
968 2591 1083 2669 erexit,
1113 2589 1290 2655 secundum
1313 2588 1403 2653 illam
1427 2586 1520 2653 vide-

474 2699 551 2766 licet
573 2719 707 2763 curvam
730 2697 764 2761 in
786 2696 955 2785 evangelio
977 2694 1177 2760 restitutam.

878 2988 1129 3056 Oourrnuarro.

524 3198 671 3279 QUIDAM
704 3195 934 3264 miserabiliter
963 3218 984 3260 a
1012 3195 1191 3262 nativitate
1221 3198 1406 3260 contractus
1439 3199 1521 3274 erat,

478 3301 563 3367 talos
590 3299 745 3366 videlicet
788 3298 921 3365 natibus
960 3299 1133 3385 impressos
1171 3318 1352 3384 manusque
1380 3303 1523 3364 retortas

476 3405 557 3469 adeo
585 3409 625 3467 ut
655 3402 753 3490 digiti
774 3407 953 3467 retrorsum
975 3400 1135 3467 bracchiis
1155 3401 1360 3467 inhaererent
1420 3401 1522 3471 Hunc

475 3507 577 3572 frater
599 3527 676 3570 suus
708 3503 846 3570 carnalis
876 3505 1029 3570 sanitatis
1060 3505 1168 3592 gratia
1189 3526 1247 3591 per
1275 3503 1445 3591 plerasque
1466 3507 1524 3572 de-

476 3613 665 3697 portaverat
710 3607 866 3689 ecclesias,
906 3612 1093 3673 sanctorum
1140 3609 1307 3694 requirens
1358 3607 1522 3696 suffragia.

476 3712 611 3778 Summo
634 3710 769 3776 tandem
804 3733 878 3777 cum
912 3711 1023 3775 labore
1052 3709 1205 3797 pervenit
1242 3711 1391 3789 Romam,
1415 3715 1523 3779 sancti

475 3815 567 3881 Petri
592 3837 666 3880 cum
689 3814 832 3879 lacrimis
855 3817 1012 3901 expetens
1035 3813 1202 3879 beneficia.
1263 3813 1335 3880 Nec
1365 3816 1462 3880 cessit
1492 3818 1524 3882 ei

475 3921 510 3984 in
533 3940 675 3984 vacuum
697 3917 785 3982 tanti
811 3917 938 3981 itineris
953 3917 1134 4002 perrexisse
1156 3917 1311 4003 spatium.
1358 3915 1525 3986 Edocetur

474 4023 562 4089 enim
584 4043 643 4107 per
672 4019 834 4084 somnium
857 4021 896 4084 ut
927 4019 964 4082 in
993 4019 1136 4105 patriam
1168 4020 1234 4085 cito
1263 4019 1383 4100 redeat,
1414 4022 1523 4088 locum

474 4123 633 4192 vocabulo
668 4121 946 4188 Wincheeoumba
976 4122 1083 4198 adeat,
1116 4127 1151 4187 ct
1183 4144 1205 4187 a
1234 4127 1348 4189 sancto
1377 4132 1523 4213 martyre

477 4228 637 4293 Kenelmo
660 4225 772 4290 fratris
786 4225 838 4290 sui
853 4225 995 4290 sulutem
1015 4223 1173 4291 obtineat.
1234 4223 1332 4305 Quod
1353 4232 1525 4313 gratanter

475 4330 641 4414 accipiens,
657 4327 866 4414 laboremque
881 4349 938 4414 spe
959 4327 1074 4392 salutis
1088 4328 1183 4414 parvi
1205 4330 1358 4414 pendens,
1382 4329 1522 4396 debilem

476 4431 611 4495 fratrem
634 4429 711 4495 illua
737 4453 758 4494 a
780 4429 887 4495 Roma
916 4429 1038 4495 detulit
1063 4434 1199 4495 stante
1228 4429 1332 4497 altare
1362 4430 1520 4523 deposuit.

478 4533 625 4618 Cumque
658 4553 785 4597 summa
817 4531 924 4606 cordis
953 4532 1139 4598 intentione
1168 4537 1319 4599 sanctum
1341 4540 1522 4621 martyrem

476 4641 614 4720 uterque
645 4633 883 4721 depoposcerat,
908 4634 1026 4700 debilis
1050 4657 1165 4723 sopore
1187 4635 1355 4722 depressus
1384 4659 1523 4725 puerum

476 4737 746 4825 speciosissimum
783 4735 824 4802 de
861 4735 959 4802 altari
995 4737 1083 4803 vidit
1119 4737 1321 4818 descendere,
1359 4761 1524 4828 aureaque
