3542 5800
471 875 535 940 282
736 885 795 936 ruo
824 887 872 936 nn
894 883 1025 938 msere.
1048 885 1136 938 erne
1159 885 1245 940 mer.

468 1077 587 1143 coelum
602 1095 705 1162 usque
720 1075 950 1140 flammivomis
973 1075 1074 1141 radiis
1099 1077 1310 1162 sequentibus
1332 1079 1515 1144 escendere.

469 1181 540 1267 Ego
562 1184 674 1245 eutem
688 1201 779 1244 erem
793 1178 970 1266 singularis
992 1179 1063 1244 evis
1078 1179 1115 1242 in
1136 1183 1234 1257 terre,
1251 1185 1385 1267 totique
1401 1187 1512 1247 extre·

467 1284 566 1348 mites
580 1284 707 1348 elerum
741 1303 887 1347 mearum
911 1287 982 1346 eret
1003 1303 1122 1346 eures:
1164 1281 1430 1370 aeetimsbemque
1456 1306 1511 1349 me

467 1386 559 1451 illem
579 1386 730 1452 erbonem
758 1385 876 1450 leviter
897 1405 991 1471 posse
1013 1384 1241 1472 circumplecti,
1268 1385 1297 1450 si
1322 1385 1510 1452 fortitudini

467 1511 548 1554 meae
577 1489 630 1554 vel
660 1471 818 1574 potentiue
839 1486 951 1574 alique
983 1487 1106 1554 eccesie
1128 1491 1259 1574 peteret
1281 1488 1508 1576 amplectendi.

468 1593 612 1657 Demum
630 1611 814 1678 pennarum
835 1589 957 1676 remige
987 1594 1169 1676 temperato
1192 1591 1288 1656 celeri
1310 1592 1426 1656 volntu
1455 1613 1511 1657 eu-

466 1695 594 1783 periore
607 1695 767 1760 columns]
789 1692 870 1758 lucis
893 1693 1036 1760 escendo.
1083 1692 1167 1760 Cum
1181 1699 1295 1760 eutem
1309 1693 1346 1760 in
1359 1713 1510 1781 supremo

465 1798 608 1864 culmine
632 1797 721 1862 illius
745 1795 968 1872 consedissem,
993 1800 1027 1861 et
1049 1795 1143 1860 cleris
1164 1795 1388 1876 luminaribus,
1412 1795 1509 1882 quee¹

466 1923 612 1969 summus
645 1900 701 1966 ille
736 1899 885 1965 omnium
917 1898 1073 1985 Princeps
1103 1898 1193 1966 Deus
1230 1900 1266 1964 in
1303 1900 1510 1966 firmamento

465 2002 644 2081 collocavit,
689 2007 762 2069 toto
798 2002 965 2067 oculorum
1002 2005 1135 2087 aspectu
1173 2001 1303 2067 sedulus
1340 2002 1509 2080 inhimern,

466 2107 580 2174 audivi
614 2127 708 2172 voces
745 2104 783 2170 in
820 2103 960 2170 sublime
988 2103 1129 2170 coelestis
1162 2099 1342 2170 hcrmoniae
1374 2105 1510 2172 miscere

465 2214 650 2288 concentus,
672 2209 764 2273 ouius
785 2213 937 2274 necteres
967 2207 1133 2272 suevitete
1155 2206 1343 2287 delectatus,
1374 2206 1445 2272 sive
1467 2208 1511 2272 ed

465 2313 668 2378 dulcedinem
701 2310 851 2378 melodice
881 2309 986 2398 magis
1013 2309 1182 2396 magisque
1211 2309 1369 2390 intentus,
1395 2331 1511 2376 somno

465 2415 591 2481 solutus
612 2414 709 2478 eum.’'

466 2906 715 2978 Communem.
771 2901 821 2973 Dc
843 2926 880 2972 eo
902 2900 994 2991 quod
1018 2904 1198 2973 Oewcldus
1214 2903 1308 2993 falso
1331 2906 1510 2975 comitium

831 2988 1078 3082 interpretatus
1100 2994 1152 3061 eit.

298 3218 422 3270 Omld’s
511 3206 702 3272 Oswslmus
717 3200 760 3269 ed
781 3202 851 3267 haec
864 3197 979 3266 hilaris
999 3206 1033 3266 et
1054 3200 1198 3287 gaudens
1220 3196 1321 3266 verbe
1342 3206 1512 3288 greterrter

295 3286 448 3414 fflffi'
467 3308 553 3397 regie
587 3308 723 3394 excepit,
755 3304 850 3391 eique
881 3302 943 3369 hec
966 3324 1045 3368 voce
1067 3302 1370 3391 interpretationem
1392 3304 1511 3369 somnii

296 3418 432 3470 ormnel-
466 3410 647 3499 patefacere
677 3406 911 3494 attemptavit;
947 3405 1004 3471 sed
1034 3426 1067 3470 se
1090 3428 1140 3470 res
1163 3406 1276 3470 sedem
1297 3406 1393 3493 longe
1415 3406 1512 3472 aliter

295 3484 385 3601 mk
464 3509 590 3590 habuit,
608 3533 706 3597 quam
722 3509 876 3575 Oswsldo
898 3508 1131 3596 interpretanti
1152 3507 1260 3573 visum
1282 3508 1354 3573 fuit
1390 3508 1510 3574 “Cum

464 3617 576 3701 itaque
591 3613 626 3678 in
641 3610 801 3701 petitione
822 3617 889 3689 tue,
913 3634 972 3676 rex
997 3612 1090 3689 bone,
1118 3608 1295 3676 frustratus
1319 3633 1386 3676 non
1400 3610 1508 3691 fueris,

463 3716 633 3807 petitionis
655 3710 807 3781 effectum
830 3712 1020 3801 optinueris‚
1044 3712 1247 3801 triumphum
1269 3710 1375 3779 victor
1396 3716 1508 3801 egeris,

463 3828 497 3890 et
533 3839 681 3886 reversus
719 3816 921 3884 Orientalem
960 3816 1148 3881 visitaveris
1186 3815 1349 3903 Angliem,
1388 3816 1509 3883 iterum

462 3926 578 3992 absens
600 3924 748 4013 princeps
770 3918 919 4008 deligere,
953 3916 1170 4005 defimctoque
1192 3921 1335 4004 tyranno
1356 3920 1505 4006 proelium

461 4028 609 4097 conficies
647 4025 839 4103 maximum,
877 4018 1044 4101 Merciem,
1083 4018 1281 4101 Bretoniem,
1320 4024 1508 4109 septemque

461 4127 644 4222 provincius
660 4120 871 4195 exscindee⁹t
895 4116 1002 4189 tribus
1018 4120 1115 4188 victis
1137 4118 1286 4188 hostibus
1308 4124 1508 4211 subiugatis.

461 4235 527 4300 Sed
556 4232 617 4297 hec
646 4228 738 4319 prius
759 4228 873 4293 eadem
905 4223 958 4291 die
988 4224 1144 4312 temporis
1178 4247 1252 4290 cum
1283 4226 1427 4292 maximo
1448 4224 1507 4291 tri-

459 4336 559 4424 pudio
574 4336 610 4399 in
624 4328 805 4399 triclinium
823 4326 1007 4395 invitetus³
1030 4333 1064 4394 et
1085 4326 1171 4415 regis
1192 4318 1346 4393 amicitiis
1367 4328 1506 4395 familia-

460 4440 540 4505 riter
575 4429 703 4503 illectus
732 4456 790 4521 per
827 4432 930 4498 filism
960 4430 1116 4518 principis
1154 4426 1251 4517 legnli
1287 4430 1351 4497 tibi
1382 4430 1505 4500 foedere

494 4751 678 4805 'luminaribus
714 4752 781 4818 qm]
821 4749 986 4886 limisribus'p
1033 4746 1189 4811 ἀσώδει]
1204 4746 1328 4805 excinde,
1338 4746 1394 4797 MS.

460 4850 541 4900 quem,
552 4830 608 4885 ΜΒ,
1034 4824 1191 4893 'tummim
1203 4826 1321 4878 inventus
1339 4826 1404 4879 MS.
