3542 5800
438 923 486 971 DE
514 923 628 975 oms
657 924 779 975 limini
806 924 990 977 arton-11.
1017 912 1066 977 ll.
1239 910 1279 973 81

227 1103 344 1187 quibus
376 1106 506 1193 praelati
539 1106 672 1187 firerint,
696 1108 784 1174 dona
816 1128 885 1175 suae
916 1108 1050 1195 pietatis
1084 1104 1279 1195 impendat.¹

229 1204 325 1284 Quod
356 1206 396 1273 in
417 1208 603 1296 Anglorum
635 1216 769 1297 gentem
802 1209 927 1277 factum
962 1210 1196 1297 cognovimus:
1229 1210 1281 1275 cui

226 1312 338 1375 restra
370 1309 476 1397 gloria
508 1312 624 1377 iooiroo
646 1317 698 1378 est
718 1312 903 1400 praeposita,
928 1316 967 1377 ut
1000 1334 1059 1400 per
1089 1312 1177 1379 bona
1207 1333 1281 1399 qum

226 1409 320 1475 vobis
372 1432 523 1479 concessa
567 1418 655 1493 sunt,
700 1415 802 1480 etiam
853 1413 1008 1481 subieotse
1049 1413 1143 1481 vobis
1190 1414 1282 1501 genti

226 1532 367 1598 superna
399 1513 558 1581 beneficis
588 1493 832 1604 praestarentirr.
877 1516 923 1581 Et
955 1514 1037 1595 ideo,
1060 1516 1200 1603 gloriose
1222 1517 1280 1597 fili,

225 1634 298 1680 ,eam
321 1637 423 1701 quam
445 1616 599 1704 accepisti
629 1618 792 1685 divinitus
824 1616 975 1705 gratiam,
998 1617 1140 1685 sollicita
1170 1624 1281 1685 mente

228 1716 363 1798 custodi,
397 1717 620 1785 Christianam
658 1718 758 1785 fidem
799 1718 836 1784 in
871 1720 1001 1807 populis
1035 1718 1099 1785 tibi
1139 1718 1281 1785 subditis

227 1818 402 1886 extendere
435 1819 564 1901 festino,
599 1820 706 1887 zelum
742 1820 953 1887 rectitudinis
989 1834 1059 1888 ture
1096 1820 1132 1887 in
1169 1842 1280 1887 eorum

227 1922 435 1988 eonversione
483 1923 676 2010 multiplico,
726 1922 888 1989 idolorum
941 1922 1049 1989 uultus
1101 1922 1279 2009 insequere,

227 2020 378 2089 senonim
407 2024 548 2091 {edificia
573 2023 708 2102 «everte,¹
731 2024 939 2091 subditorum
971 2046 1077 2089 mores
1100 2030 1135 2091 et
1161 2046 1281 2111 magna

228 2125 306 2191 vitae
339 2126 512 2205 munditia,
545 2126 760 2208 exhortando,
791 2125 953 2205 terrendo,
980 2125 1186 2203 blandiendo,
1210 2148 1280 2193 cor·

226 2226 370 2313 rigendo,
393 2234 429 2295 et
450 2228 530 2293 boni
561 2228 668 2315 operis
699 2228 851 2316 exempla
882 2226 1096 2295 monstrando
1129 2228 1277 2295 aedifiee:

226 2328 381 2395 utillum
410 2330 644 2397 retributorem
674 2331 824 2396 invenias
854 2330 891 2395 in
913 2330 1006 2412 coelo,
1036 2330 1130 2397 cuius
1159 2352 1279 2399 nomen

227 2434 326 2516 etque
362 2432 582 2521 cognitionem
620 2431 811 2499 dilataveris
847 2432 883 2497 in
920 2438 1016 2499 terru
1078 2432 1153 2521 Ipse
1191 2435 1278 2499 enim
1371 2504 1376 2514 ,

225 2540 344 2601 vestrm
366 2556 495 2622 quoque
525 2535 638 2623 gloriae
669 2556 790 2600 nomen
812 2534 913 2601 etium
936 2534 1075 2621 posteris
1107 2534 1279 2622 gloriosius

226 2636 348 2716 reddet,
386 2637 478 2703 cuius
513 2658 574 2702 vos
610 2636 766 2704 honorem
809 2636 958 2721 quaeritis
996 2641 1031 2701 et
1067 2637 1206 2703 servetis
1242 2638 1278 2701 in

226 2737 388 2822 gentibus
864 2743 866 2746 ’

270 2846 288 2875 “
302 2838 359 2906 Sic
395 2840 518 2907 etenim
556 2840 795 2908 Constantinus
827 2838 993 2928 quondam
1023 2840 1188 2928 piissimus
1216 2840 1278 2906 iru-

226 2949 365 3027 perator,
395 2943 581 3010 Romanam
609 2943 843 3030 rempublicam
873 2965 895 3007 a
924 2943 1085 3030 perversis
1117 2942 1277 3008 idolorum

227 3043 368 3111 cultibus
403 3067 569 3126 revocans,
607 3044 837 3131 Omnipoteuti
875 3043 947 3108 Deo
986 3042 1128 3108 Domino
1165 3049 1277 3108 nostro

227 3144 305 3212 Jesu
343 3144 476 3212 Christo
512 3167 622 3212 secum
664 3146 824 3224 subdidit,
862 3165 962 3230 seque
1008 3165 1083 3210 oum
1120 3143 1276 3220 subiectis

226 3248 353 3334 populis
383 3253 458 3314 tota
488 3249 532 3314 ad
563 3269 640 3314 eum
672 3253 783 3313 mente
812 3245 984 3312 convertit.
1032 3243 1130 3312 Unde
1152 3244 1275 3312 iactum

227 3355 275 3414 est
310 3355 352 3416 ut
387 3349 601 3436 antiquorum
647 3349 832 3437 principum
868 3369 989 3414 nomen
1027 3347 1095 3412 suis
1131 3347 1184 3412 vir
1221 3348 1275 3414 ille

225 3449 376 3517 laudibus
413 3453 567 3528 viuoeret
606 3457 641 3518 et
677 3456 773 3518 tento
807 3450 844 3515 in
874 3449 1027 3538 opinione
1069 3471 1276 3536 prmoessores

226 3573 306 3635 suos,
336 3559 462 3640 quanto
492 3560 526 3620 et
560 3553 598 3618 in
628 3553 714 3619 bono
752 3574 849 3640 opere
886 3555 1060 3639 superaret
1106 3553 1152 3617 Et
1189 3575 1276 3618 nuno

225 3654 337 3740 itsque
366 3660 479 3722 vestra
516 3654 623 3742 glorio
652 3655 873 3742 cognitionem
907 3653 1006 3720 unius
1045 3652 1133 3732 Dei,⁸
1164 3653 1275 3721 Patris

226 3761 259 3822 ct
283 3757 362 3822 Filii
384 3763 420 3823 et
441 3756 587 3844 Spiritus
613 3757 735 3834 Sancti,
761 3755 893 3844 regibus
919 3777 957 3822 ao
980 3755 1112 3843 populis
1143 3755 1275 3822 sibimet

225 3858 378 3925 subiectis
402 3857 538 3925 festinet
563 3859 744 3937 infundere,
770 3863 811 3924 ιιι
834 3862 869 3923 et
892 3858 1045 3944 antiquos
1071 3855 1181 3944 gentis
1207 3879 1275 3922 sure

224 3981 315 4048 reges
346 3961 500 4028 laudibus
521 3983 560 4026 sc
581 3961 709 4027 meritis
742 3965 898 4040 transeat,
922 3963 956 4024 et
979 3965 1103 4045 quanto
1133 3957 1170 4022 in
1200 3958 1276 4022 sub-

225 4061 316 4128 iectis
338 4063 407 4128 suis
430 4063 530 4129 etiam
552 4063 660 4130 alieno
685 4067 818 4150 peccata
846 4061 1027 4136 deterserit,
1055 4062 1149 4124 tanto
1173 4058 1274 4124 etium

224 4161 265 4229 de
292 4165 433 4251 peoootis
469 4165 608 4252 propriis
638 4170 715 4231 ante
747 4163 993 4250 Omnipotentis
1028 4161 1091 4226 Dei
1128 4160 1274 4227 terribile

225 4285 362 4332 examen
384 4267 525 4332 securior
546 4267 614 4332 fiat

269 4376 287 4408 ‘¹
302 4369 598 4436 Reverentissimus
643 4367 746 4434 frater
791 4370 905 4434 noster
942 4365 1149 4454 Augustinus
1191 4365 1274 4452 epis-

259 4743 266 4774 ¹
278 4741 411 4808 impendat]
424 4741 554 4805 impendit,
564 4739 621 4791 MS.
787 4737 798 4768 ⁹
809 4734 874 4802 Der]
887 4736 945 4796 diei,
957 4735 983 4785 ll
988 4735 1013 4788 S.

258 4822 269 4852 ¹
286 4820 374 4885 everte]
393 4828 496 4882 ecocrte,
508 4820 563 4872 MS.
