3542 5800
466 864 531 926 110
727 878 791 927 nro.
823 878 870 926 ns
900 876 1032 927 crasso.
1064 878 1150 927 sano.
1182 876 1266 926 msr.

469 1071 505 1130 ct
544 1055 612 1130 non
648 1064 830 1143 videbunt3
873 1086 968 1131 aures
1005 1064 1136 1143 habent,
1181 1070 1216 1131 et
1260 1086 1327 1131 non
1364 1064 1524 1145 audient;

470 1189 565 1232 nares
597 1167 729 1245 habent,
762 1172 797 1233 et
830 1188 897 1232 non
936 1168 1139 1247 odorabunt3
1171 1188 1288 1232 manus
1323 1168 1453 1243 habent,
1489 1172 1527 1232 et

471 1291 538 1335 non
582 1271 783 1357 palpabunt3
820 1270 918 1356 pedes
950 1270 1082 1346 hebent,
1121 1276 1156 1335 ct
1193 1289 1261 1335 non
1297 1269 1524 1334 ambulabunt.

472 1372 603 1438 Similes
635 1394 713 1459 ergo
743 1372 928 1437 efficiantur
958 1372 1010 1437 his
1033 1372 1090 1458 qui
1113 1392 1203 1460 spem
1226 1392 1294 1438 suae
1316 1372 1523 1438 confidentiae

470 1479 600 1561 ponunt
635 1474 672 1537 in
709 1474 773 1539 eis'
819 1474 991 1554 Quomodo
1033 1474 1121 1538 enim
1166 1474 1302 1540 iuvandi
1341 1472 1523 1559 quemlibet

471 1581 606 1663 possunt
636 1576 756 1641 habere
788 1577 947 1641 viltutem
980 1576 1024 1655 hi,
1057 1576 1182 1661 quiex
1216 1576 1421 1663 conuptibili
1451 1598 1523 1641 ma-

469 1680 555 1745 teris
589 1678 781 1744 inferiorum
815 1678 916 1743 etiam
950 1678 1257 1765 subpositorumque
1282 1680 1346 1744 tibi
1368 1678 1522 1743 menibus

470 1784 727 1848 construunturi
769 1780 891 1866 quibus
927 1780 1082 1845 videlicet
1127 1782 1302 1847 artificium
1338 1782 1520 1845 humanum

470 1884 716 1951 accommodans
748 1882 795 1948 eis
827 1882 1043 1948 inanimatam
1075 1883 1295 1949 membrorum
1330 1880 1521 1949 simHitudi·

470 2009 547 2053 nem
580 1986 773 2053 contulistis
817 1987 876 2071 qui
908 1986 973 2049 nisi
1007 2008 1028 2049 s
1061 1990 1096 2050 te
1131 1987 1214 2051 moti
1245 1986 1377 2064 fuerint,
1405 1983 1520 2050 ambu-

470 2092 538 2155 lare
569 2112 636 2155 non
668 2091 846 2175 poterunt3
880 2088 938 2152 sed
970 2092 1139 2173 tamquam
1174 2088 1256 2175 lapis
1291 2089 1327 2152 in
1348 2108 1416 2153 uno
1448 2088 1519 2153 loco

470 2193 603 2278 positus,
638 2190 687 2255 ita
719 2190 886 2255 constricti
917 2190 1067 2275 nihilque
1097 2190 1326 2277 intelligentiae
1359 2190 1519 2256 habentes

468 2296 604 2379 ipseque
638 2290 890 2357 insensibilitate
925 2293 1035 2358 obruti
1078 2292 1203 2357 nullam
1237 2314 1344 2379 neque
1376 2294 1519 2359 laedendi

468 2415 575 2480 neque
607 2390 777 2459 medendi¹
811 2394 1003 2459 facultatem
1041 2395 1153 2482 adepti
1191 2398 1290 2461 armti
1336 2396 1409 2476 Qus
1440 2417 1518 2483 ergo

469 2498 591 2563 mentis
622 2495 812 2582 deceptione
834 2518 889 2561 eos
912 2497 996 2575 deos,
1021 2496 1141 2583 quibus
1163 2518 1223 2563 vos
1255 2498 1318 2584 ipsi
1340 2498 1518 2585 imaginem

468 2600 610 2685 corporis
632 2598 822 2673 tradidistis,
847 2598 989 2663 colentes
1019 2600 1200 2684 sequimini,
1237 2600 1356 2665 iudicio
1379 2602 1519 2665 dumeto

469 2701 610 2788 reperire
632 2722 700 2765 non
721 2720 900 2786 possumus.

515 2802 644 2869 “Unde
667 2806 798 2887 oportet
813 2822 872 2867 vos
895 2808 1043 2890 suscepto
1066 2804 1159 2889 signo
1182 2805 1284 2869 crucis
1306 2810 1435 2881 sanctae,
1459 2824 1520 2891 per

469 2907 557 2995 quod
594 2907 776 2973 humanum
813 2925 918 2992 genus
956 2905 1163 2992 redemptum
1200 2912 1258 2984 est,
1302 2907 1518 2972 execrandum

469 3009 640 3077 diabolicae
673 3007 828 3074 versutias
855 3007 1163 3094 supplantationem,
1188 3009 1246 3094 qui
1270 3007 1403 3074 Divinus
1425 3009 1518 3086 boni-

468 3116 549 3180 tatis
580 3112 732 3200 operibus
759 3109 892 3175 invidus
919 3109 1121 3197 aemulusque
1143 3111 1301 3188 consistit,
1325 3134 1346 3176 e
1367 3111 1517 3177 cordibus

467 3217 586 3282 vestris
608 3215 743 3291 abicere,
778 3211 971 3298 iniectisqire
992 3215 1144 3279 manibus
1166 3214 1233 3292 hos,
1270 3235 1351 3300 quos
1375 3219 1517 3279 'eatenus

468 3318 615 3384 materiae
638 3337 792 3403 compage
813 3315 909 3380 vobis
939 3317 1015 3381 deos
1045 3315 1235 3393 fabricastis,
1268 3315 1517 3403 confringendos

469 3417 761 3502 diminuendosque
807 3437 1011 3504 summopere
1057 3437 1236 3505 procurare.
1306 3417 1383 3505 Ipse
1428 3409 1516 3483 enim

467 3541 579 3585 eorum
611 3518 782 3583 dissolutio
814 3520 1051 3606 corruptioque,
1089 3543 1162 3605 quse
1196 3541 1366 3606 nunquam
1403 3519 1517 3586 viven-

466 3629 535 3688 tem
566 3621 720 3708 spiritum
753 3621 880 3699 habuit,
918 3643 977 3687 nec
1009 3621 1260 3687 sensibilitatem
1283 3625 1392 3688 esuis
1415 3621 1517 3688 facto·

466 3723 558 3791 ribus
592 3723 701 3812 potuit
735 3722 883 3809 quolibet
917 3725 1013 3789 modo
1045 3725 1213 3811 suscipere,
1246 3724 1338 3790 vobis
1364 3729 1516 3812 patenter

467 3829 612 3894 insinuet
634 3849 735 3914 quam
758 3827 842 3890 nihil
865 3830 937 3891 erut
959 3826 1047 3912 quod
1069 3831 1204 3892 eatenus
1226 3827 1400 3892 colebatis:
1436 3827 1514 3892 dum

466 3933 610 4019 profecto
632 3929 783 3996 meliores
806 3949 866 3994 vos
889 3929 948 4014 qui
969 3929 1122 4015 spiritum
1136 3929 1306 3996 viventem
1329 3951 1349 3993 a
1371 3929 1514 3995 Domino

465 4035 663 4123 percepistis,
687 4053 799 4098 corum
830 4031 1069 4096 constructione
1099 4031 1311 4097 nihilominus
1341 4031 1513 4098 existatis:

466 4139 587 4225 quippe
609 4157 691 4222 quos
713 4135 804 4201 Deus
827 4133 1044 4221 Omnipotens
1067 4155 1108 4199 ex
1131 4135 1229 4221 primi
1251 4135 1392 4200 hominis
1416 4154 1514 4221 quem

464 4239 642 4325 plasmavit
670 4240 871 4324 cognatione,
906 4235 1055 4302 deductis
1084 4258 1143 4324 per
1172 4237 1290 4303 saecula
1328 4239 1514 4303 innumera-

464 4341 585 4406 bilibus
623 4340 866 4426 propaginibus,
912 4339 1072 4425 pullulare
1117 4339 1297 4405 constituit.
1358 4331 1515 4406 Accedite

463 4463 541 4528 ergo
574 4442 617 4507 nd
647 4442 850 4527 agnitionem
882 4441 952 4506 eius
984 4441 1041 4528 qui
1073 4464 1132 4507 vos
1164 4443 1295 4518 creavit,
1331 4442 1388 4528 qui
1419 4442 1515 4508 vobis

465 4659 726 4667 ffl——m
734 4659 944 4666 ...η-ω-..

848 4793 967 4858 ruedcudi]
981 4793 1162 4852 inconsutiles.
