3542 5800
453 879 512 942 154
712 889 777 940 1111.
802 889 849 937 nn
871 887 1004 938 11111111.
1027 887 1118 938 senc.
1141 888 1228 938 ms‘r.

444 1062 673 1128 lassitudinem
696 1063 732 1128 in
763 1063 929 1127 diversum
960 1061 1049 1126 latus
1080 1061 1225 1126 vicissim
1258 1081 1328 1126 sese
1357 1058 1497 1136 volvere,

336 1209 339 1213 -
446 1167 624 1252 statimque
647 1163 841 1252 exsurgens¹
880 1164 975 1250 quasi
997 1187 1096 1229 sanus
1126 1163 1326 1251 peremnia,
1351 1160 1499 1228 virecta²

446 1271 622 1336 herbarum
639 1269 770 1335 avidius
785 1288 916 1355 carpere
936 1268 1041 1354 coepit.
1103 1266 1176 1348 Quo
1199 1266 1255 1331 ille
1278 1266 1359 1345 viso,
1383 1270 1423 1329 ut
1445 1263 1500 1326 vir

447 1373 571 1460 sagacis
594 1372 728 1460 ingenii,
752 1371 921 1437 intellexit
943 1369 1073 1456 aliquid
1094 1369 1188 1435 mirae
1211 1367 1400 1434 sanctitatis
1422 1367 1500 1432 huic

398 1479 402 1488 '
447 1477 516 1541 loco
540 1496 605 1564 quo
627 1497 731 1562 equus
753 1479 803 1540 est
826 1478 968 1552 curatus,
991 1473 1117 1554 inesse3
1150 1478 1186 1537 et
1207 1472 1317 1559 posito
1331 1471 1378 1535 ibi
1394 1470 1497 1556 signo,

447 1600 515 1643 non
545 1577 649 1643 multo
672 1582 748 1664 post
786 1575 934 1642 aseendit
968 1597 1098 1662 equum,
1122 1581 1223 1659 atque
1252 1575 1297 1638 ad
1317 1572 1498 1660 hospitium

447 1703 513 1768 quo
535 1684 758 1769 proposuerat,
775 1679 919 1744 accessit
965 1677 1039 1758 Quo
1062 1676 1143 1742 dum
1164 1675 1345 1753 adveniret,
1368 1675 1499 1740 invenit

447 1783 588 1871 puellam
603 1781 653 1847 ibi
666 1787 799 1869 neptem
815 1779 1063 1868 patrisfamilias
1088 1779 1187 1865 longo
1210 1778 1371 1865 paralysis
1384 1778 1498 1842 morbo

446 1893 639 1973 gravatam:
674 1889 807 1950 etcum
840 1883 1018 1948 familiares
1052 1883 1169 1947 domus
1202 1879 1290 1945 illius
1320 1881 1362 1946 de
1382 1879 1500 1944 acerba

447 1988 565 2075 puellae
602 1987 796 2052 infirmitate
832 1985 904 2074 ipso
938 1989 1100 2072 praesente
1136 1987 1359 2069 quererentur,
1401 1981 1499 2067 coepit

448 2091 555 2157 dicere
585 2091 641 2156 ille
675 2090 716 2154 de
753 2089 823 2156 loco
860 2087 921 2152 ubi
952 2086 1096 2154 caballus
1125 2107 1205 2152 suus
1238 2092 1324 2151 esset
1356 2091 1497 2150 curatus.

449 2193 538 2272 Quid
574 2193 703 2259 multat
756 2193 962 2277 imponentes
999 2212 1072 2256 eam
1109 2211 1208 2267 carro,
1249 2190 1418 2254 duxerunt
1456 2188 1499 2253 ad

447 2297 563 2374 locum,
589 2295 777 2379 ibidemque
800 2295 1031 2380 deposuerunt.
1075 2293 1125 2358 At
1146 2291 1206 2356 illa
1229 2291 1338 2378 posita
1360 2293 1397 2355 in
1419 2291 1498 2370 loco,

449 2397 653 2464 obdormivit
676 2419 852 2483 parumper
863 2422 872 2476 ;
910 2402 945 2461 et
971 2396 1031 2460 ubi
1053 2394 1235 2482 evigilavit,
1259 2416 1374 2458 sanam
1396 2417 1432 2459 se
1458 2395 1501 2459 ab

450 2501 508 2565 illa
530 2499 672 2586 corporis
695 2499 909 2564 dissolutione
932 2499 1086 2576 sentiens,
1110 2497 1278 2584 postulata
1299 2494 1409 2582 aqua³
1431 2498 1502 2583 ipsa

448 2601 534 2667 lavit
555 2601 679 2682 faciem,
704 2603 808 2668 crines
840 2599 1048 2687 composuit,⁴
1076 2607 1176 2687 caput
1197 2601 1301 2665 linteo
1324 2601 1500 2687 cooperuit,

450 2711 484 2772 et
509 2703 657 2770 cumbis
680 2705 794 2790 quise
818 2704 1035 2781 adduxerant,
1059 2725 1140 2769 sana
1162 2702 1301 2790 pedibus
1322 2703 1502 2769 incedendo

450 2829 579 2874 reversa
600 2811 656 2872 est

284 3138 437 3193 11111111.
453 3140 705 3208 Oounruunrro.
774 3140 818 3207 Ut
837 3140 961 3227 palate
986 3138 1186 3219 conlatae,
1210 3140 1255 3207 tm
1276 3160 1342 3227 qao
1363 3146 1505 3206 emmae

503 3243 685 3311 Oawcldas
706 3264 766 3310 rea
789 3242 919 3310 ocoisva
941 3250 996 3322 ast,
1021 3250 1139 3310 contra
1160 3242 1279 3329 tynam
1300 3242 1459 3309 11111111.

284 3414 369 3466 Aure
497 3414 624 3481 Eooau
646 3421 793 3504 tempore
817 3415 913 3483 venit
943 3416 1027 3482 alius
1049 3416 1184 3503 quidam
1208 3418 1249 3483 de
1271 3417 1407 3482 natione
1430 3416 1504 3480 B‘ri-

284 3480 415 3613 {gemes
453 3519 576 3595 tonum,
601 3516 810 3584 iterfaciens
833 3518 930 3584 iuxta
960 3518 1069 3606 ipsum
1090 3519 1198 3585 locum
1220 3521 1256 3584 in
1279 3541 1344 3605 quo
1366 3518 1505 3605 praefata

285 3614 351 3731 ἥξω
362 3614 404 3663 ‘¹¹⁰
452 3624 524 3684 erat
546 3640 659 3707 pugna
674 3621 834 3708 completa
846 3646 854 3701 ;
888 3628 923 3687 et
943 3622 1031 3688 vidit
1045 3622 1145 3688 unius
1158 3622 1222 3688 loci
1237 3622 1383 3709 spatium
1397 3628 1506 3689 aetem

284 3696 369 3799 11ξῇ
381 3747 428 3797 0⁸.
453 3743 568 3809 campo
591 3722 729 3789 viridius
752 3746 790 3790 ac
826 3724 1021 3791 venustius:
1060 3725 1225 3813 coepitque
1254 3726 1363 3813 sagaci
1393 3726 1505 3790 animo

285 3814 413 3866 volcfelt.
451 3825 604 3905 conicere,
644 3827 732 3911 quod
769 3826 862 3891 nulla
899 3830 985 3893 esset
1029 3828 1097 3892 alia
1131 3850 1230 3893 causa
1266 3828 1409 3893 insolitae
1446 3827 1505 3893 illo

451 3927 488 3992 in
517 3928 587 3994 loco
619 3927 810 4006 viriditatis,
843 3928 908 3993 nisi
941 3928 1030 4013 quod
1064 3928 1187 3995 ibidem
1218 3930 1364 3995 sanctior
1397 3936 1506 3995 cetero

452 4031 597 4097 exercitu
630 4032 683 4095 vir
716 4030 834 4115 aliquis
865 4030 980 4095 fuisset
1013 4030 1216 4097 interfectus.
1276 4031 1368 4097 Tulit
1390 4034 1505 4119 itaque

452 4132 492 4197 de
515 4133 649 4219 pulvere
672 4139 769 4198 terrae
791 4132 880 4198 illius
895 4155 1014 4212 secum,
1030 4134 1162 4220 illigans
1176 4136 1213 4199 in
1227 4135 1339 4213 linteo,
1356 4136 1506 4222 cogitans

453 4234 541 4318 quod
572 4236 722 4299 futurum
760 4240 837 4313 erat,
878 4234 958 4319 quia
990 4236 1033 4300 ad
1067 4237 1229 4302 medelam
1262 4237 1505 4303 infirmantium

453 4336 540 4399 idem
563 4336 672 4420 pulvis
694 4337 890 4421 proficeret;
926 4343 961 4402 et
976 4360 1115 4425 pergens
1130 4340 1251 4405 itinere
1273 4362 1331 4405 suo
1354 4342 1507 4426 pervenit

458 4436 501 4500 ad
523 4435 631 4500 vicum
657 4438 819 4521 quendam
843 4460 986 4527 vespere,
1018 4441 1224 4527 intravitque
1246 4442 1283 4505 in
1314 4443 1448 4507 domum
1470 4445 1506 4506 in

489 4670 495 4699 ¹
508 4668 652 4734 ersurpcaa]
675 4683 809 4735 exurgens,
821 4672 877 4723 MS.
1040 4675 1141 4742 ’nqan]
1154 4690 1252 4740 aquam,
1264 4674 1322 4728 MS.

486 4750 496 4779 ²
508 4748 612 4814 abacta]
626 4749 728 4813 vireou,
740 4750 796 4801 MS.
1040 4754 1205 4820 tremuit]
1219 4770 1268 4805 om.
1280 4754 1338 4808 MS.
1373 4756 1422 4808 See
1433 4756 1494 4809 Bed.
