3542 5800
466 865 513 914 nn
542 865 658 915 cums
688 865 808 916 ncoou
838 865 1022 920 Aaou-41.
1046 850 1098 922 17.
1262 853 1305 918 9³

255 1051 367 1112 sancto
412 1046 511 1114 Petro
552 1049 699 1136 apostolo
740 1049 921 1129 fabricavit,
959 1056 1134 1138 sanctoque
1176 1049 1449 1168 llellitcdtwls·s

255 1149 474 1215 Londoniensi
506 1151 654 1237 pontifici
692 1151 904 1218 dedicandam
933 1153 1180 1219 commendavit
1238 1151 1304 1234 Qui
1316 1123 1435 1247 ffissf

253 1272 327 1316 cum
350 1251 403 1316 dic
434 1257 561 1319 statuta
591 1253 732 1338 quadam
763 1252 937 1320 Dominioa
966 1277 1039 1321 enm
1071 1255 1218 1322 dedicare
1239 1255 1305 1320 dis·

253 1353 420 1438 posuisset,
458 1358 552 1419 nocte
566 1353 766 1441 praecedente
811 1356 940 1421 cuidam
984 1357 1137 1444 piscatori
1172 1357 1304 1422 nomine

254 1453 392 1520 Eadrioo
429 1456 593 1542 apostolus
629 1461 760 1522 sanctus
797 1455 915 1523 Petrus
951 1479 1117 1546 apparens,
1147 1463 1182 1524 et
1211 1457 1303 1544 quasi

253 1556 398 1622 mercede
433 1563 599 1644 compacta
631 1557 667 1622 in
699 1557 851 1624 navicula
886 1581 962 1625 cum
997 1559 1109 1626 eodem
1147 1559 1305 1646 piscatore

254 1655 444 1724 Tamensem
474 1657 615 1724 fluvium
652 1659 873 1736 transfretans,
913 1659 1084 1748 prmfatnm
1127 1660 1304 1740 basilicam,

253 1780 328 1844 quae
365 1781 453 1824 nunc
481 1759 524 1825 ab
554 1758 667 1826 incolis
696 1761 739 1826 ab
769 1760 960 1827 occidentali
996 1767 1089 1848 perte
1127 1760 1304 1827 Iondoniae

253 1861 578 1928 westmonasterium
603 1861 730 1940 dicitur,
761 1884 835 1928 cum
865 1862 1047 1928 coelestium
1082 1863 1240 1928 comitatu
1269 1867 1410 1928 etecu-

252 1963 405 2030 laudibus
441 1963 602 2050 angelicis,
641 1963 774 2030 vidente
805 1964 1023 2031 tremebundo
1065 1964 1302 2050 praenominato
1315 1939 1446 2056 {mg

251 2065 418 2151 piscatore,
450 2065 579 2131 Decet
604 2065 667 2130 eibi
696 2067 901 2132 consecravit
948 2064 1047 2132 Mane
1075 2071 1187 2131 autem
1214 2066 1420 2130 factohiwlf.

251 2173 383 2232 sanctus
408 2167 556 2254 pontifex
581 2168 738 2253 piscatore
764 2167 883 2233 nuntio
912 2187 934 2232 a
962 2172 1074 2233 sancto
1104 2165 1203 2232 Petro
1228 2163 1300 2232 boc¹

252 2269 445 2334 mandatum
474 2269 605 2354 accepit,
636 2275 676 2334 ut
705 2268 869 2336 eccleciam
892 2289 914 2334 a
942 2290 976 2335 se
1006 2269 1189 2336 dedicatam
1212 2269 1302 2335 rede·

251 2369 359 2435 dicare
395 2393 462 2437 non
498 2376 716 2457 presumeret,
755 2371 849 2458 signa
894 2370 1106 2437 dedicationis
1148 2372 1303 2437 universa

251 2473 418 2558 reperiens
464 2471 510 2538 Et
539 2471 618 2558 quia
647 2471 735 2537 locus
759 2472 813 2536 ille
843 2472 965 2558 absque
994 2473 1127 2560 navigio
1156 2475 1302 2560 undique

250 2579 322 2638 erat
351 2573 586 2650 inaooessibilis,
624 2573 857 2651 bauafretaret,
895 2579 930 2640 et
959 2575 1053 2661 signa
1089 2574 1302 2642 dedicationis

249 2675 375 2754 videns,
391 2675 479 2761 quod
505 2673 657 2751 restabat,
683 2673 805 2740 scilicet
830 2675 962 2742 missam
984 2677 1171 2758 celebraret,
1196 2677 1301 2765 poeni·

249 2777 397 2842 tentibus
438 2799 497 2865 pro
538 2776 674 2842 arbitrio
711 2774 896 2843 afflictionis
932 2777 1001 2844 dies
1036 2778 1229 2865 indulgeret,
1266 2785 1302 2844 et

249 2879 294 2945 sic
317 2880 423 2947 finitis
448 2878 609 2961 omnibus,
636 2877 700 2944 Dei
725 2882 760 2947 et
782 2901 875 2947 suam
900 2879 1159 2947 benedictionem
1181 2879 1302 2968 populo

250 2981 350 3047 daret
406 2981 509 3071 Signa
537 2987 648 3047 autem
678 2980 891 3047 dedicationis
918 2982 990 3047 haec
1018 2987 1132 3061 erant;
1162 2982 1302 3067 parietes

249 3084 442 3151 intrinsecus
471 3090 505 3149 et
534 3089 629 3149 extra
657 3083 800 3161 madidi3
832 3084 940 3148 oleum
968 3088 1004 3148 et
1026 3103 1135 3147 cruces
1160 3082 1197 3147 in
1222 3083 1302 3169 ipsis

249 3188 395 3271 cereique
421 3184 661 3251 semicombusti
673 3208 681 3265 ;
712 3184 925 3271 alphabetum
948 3189 1125 3270 utrumque
1150 3183 1300 3250 Graecum

249 3292 284 3353 et
313 3288 470 3352 Latinum
496 3288 533 3352 in
557 3286 642 3353 atrio
672 3286 859 3373 depictum;
891 3307 1013 3373 magna
1034 3308 1121 3373 aqua
1143 3308 1165 3351 a
1188 3292 1300 3353 sancto

250 3386 348 3455 Petro
382 3388 553 3455 benedicte
582 3389 618 3453 in
648 3388 778 3469 medi03
809 3388 914 3454 altare
936 3388 1006 3454 oleo
1036 3388 1224 3475 perfusum3
1250 3390 1300 3455 in-

249 3512 379 3557 censum
395 3491 514 3577 inipso
529 3490 626 3555 altari
652 3510 749 3577 super
763 3496 829 3555 trec
847 3511 955 3555 cruces
975 3490 1012 3555 in
1029 3491 1142 3557 eodem
1156 3490 1300 3578 sculptas

248 3592 540 3659 semicombustum
586 3590 689 3657 Ouiue
718 3590 879 3677 reliquum
909 3596 989 3657 tunc
1018 3593 1175 3679 temporis
1210 3594 1299 3659 illiue

247 3693 310 3759 loci
338 3694 490 3759 monachi
519 3692 649 3759 noviter
686 3692 823 3757 adunati
853 3692 1028 3779 diligenter
1063 3694 1232 3760 collectum
1262 3696 1298 3760 in

247 3796 364 3861 scrinio
389 3818 469 3861 auro
492 3800 527 3861 et
549 3798 684 3880 argento
714 3794 864 3861 decenter
893 3800 1009 3861 ornato
1038 3795 1297 3873 mcondiderunt,

247 3898 337 3983 quod
366 3896 497 3983 quidem
527 3896 681 3961 scrinium
711 3896 747 3960 in
776 3896 888 3962 eadem
913 3896 1046 3962 ecclesia
1074 3918 1176 3982 usque
1202 3895 1298 3961 hodie
1312 3910 1402 3963 nelle..

247 4004 439 4065 reservatm.
500 3998 561 4063 Est
597 4004 707 4064 autem
744 4004 779 4063 et
815 3997 906 4063 aliud
943 3998 1074 4083 signum
1110 4003 1228 4084 patens
1264 4004 1300 4063 et

246 4106 449 4189 perpetuum,
474 4100 563 4186 quod
585 4100 719 4165 minime
743 4098 945 4169 reticendum
974 4120 1094 4165 censeo.
1140 4099 1299 4167 Dedicato

246 4204 360 4289 itaque
381 4202 538 4279 coenobio,
554 4202 641 4288 quod
659 4198 838 4279 hactenus,2
856 4200 941 4266 sicut
955 4198 1176 4287 pnediximus,
1192 4198 1299 4268 West

244 4303 486 4383 monasterium,
524 4324 562 4371 eo
599 4302 687 4389 quod
724 4302 760 4367 in
797 4302 944 4368 civitatis
981 4301 1172 4369 occidentali
1204 4310 1298 4391 parte

245 4407 348 4473 situm
373 4407 427 4483 sit,
454 4404 581 4484 dicitur,
608 4404 651 4471 ad
674 4405 865 4491 piscatorem
895 4426 992 4471 suum
1017 4406 1144 4473 rediens
1167 4414 1297 4474 sanctus

280 4766 287 4797 ¹
300 4764 357 4830 leot]
370 4764 411 4823 ho,
422 4764 479 4815 MS.
777 4762 783 4833 Ι
828 4760 979 4828 'lactemJ
992 4770 1102 4824 actenus,
1113 4762 1170 4815 MS.
