3542 5800
526 932 573 981 nn
595 929 709 980 ossus
731 929 851 980 nncnu
872 928 1056 978 suen-11.
1074 915 1123 980 63.
1285 915 1349 978 259

302 1116 338 1180 in
360 1115 441 1182 villu
470 1135 545 1202 quse
580 1113 746 1181 Meritone
778 1115 899 1181 dicitnr
930 1115 1063 1182 firrtivae
1096 1114 1211 1180 veneri
1239 1111 1348 1178 indul-
1359 1131 1449 1183 mne
1450 1135 1501 1184 uu

302 1224 402 1305 geret,
440 1225 475 1285 et
519 1219 581 1286 hoc
616 1241 638 1284 s
675 1217 867 1285 Kinehsrdo
912 1217 1099 1305 supradicto
1144 1200 1492 1318 compertumffiffi
1442 1266 1509 1316 rison

302 1319 425 1401 inisset,
440 1343 516 1388 cum
537 1321 605 1387 suis
620 1321 831 1409 complicibus
848 1320 983 1386 domum
1003 1321 1079 1388 foris
1102 1319 1238 1387 obsedit
1284 1273 1388 1384 Sedat

302 1445 369 1502 rex,
393 1426 452 1512 qui
474 1447 549 1492 cum
570 1446 675 1514 perro
696 1425 857 1492 comitutu
879 1429 915 1490 et
936 1425 1030 1510 qussi
1053 1425 1140 1490 solus
1162 1424 1350 1500 advenerat,

301 1531 342 1595 ut
362 1549 398 1595 se
419 1529 463 1595 cb
484 1529 636 1596 hostibus
657 1529 804 1615 undique
826 1527 989 1594 vellatum
1011 1529 1241 1615 conspexisset,
1266 1527 1351 1594 ostie

303 1631 418 1698 domus
439 1632 588 1710 obclusit,
620 1653 753 1719 sperans
785 1631 930 1698 latrones
963 1631 1017 1698 vel
1049 1636 1172 1698 terrere
1203 1631 1350 1718 imperio,

301 1735 355 1800 vel
376 1734 518 1802 mulcere
540 1735 689 1821 elloquio.
734 1733 801 1802 Sed
821 1733 951 1802 flustra,
997 1733 1086 1800 Nem
1106 1755 1180 1800 cum
1198 1755 1219 1800 c
1239 1732 1351 1798 multi-

303 1837 418 1903 tudine
438 1859 499 1904 rex
520 1837 762 1904 circumventus
792 1836 917 1916 fnisset,
942 1837 1021 1904 dum
1053 1835 1166 1904 cedere
1202 1833 1351 1902 hostibus

303 1938 459 2006 damnum
496 1939 609 2028 gloss
651 1961 720 2008 suoe
756 1939 981 2018 arbitraretur,
1017 1938 1198 2006 defensioni
1231 1959 1351 2004 vacans

301 2041 408 2129 ipsum
435 2042 664 2110 Kinehnrdum
694 2041 870 2109 crudeliter
899 2041 1096 2109 vulneravit.
1142 2041 1217 2108 Hoc
1238 2045 1351 2106 sutem

302 2146 382 2223 viso,
414 2145 625 2213 Kinehsrdus
656 2168 731 2211 cum
767 2147 835 2213 suis
867 2146 904 2212 in
937 2167 1047 2234 regem
1081 2146 1209 2212 irruens
1242 2145 1351 2264 ipsum

302 2247 473 2318 interfecit
518 2247 620 2316 Pauci
657 2269 786 2336 quoque
824 2271 866 2316 ex
903 2249 1055 2316 clientela
1089 2249 1175 2338 regis
1206 2249 1264 2335 qui
1293 2247 1350 2314 cd·
1337 2272 1432 2325 ·wfli

302 2357 404 2432 erant,
427 2373 501 2419 cum
523 2374 592 2417 non
618 2373 735 2418 munus
757 2353 836 2418 dure
858 2352 915 2418 sed
949 2353 1119 2419 dominum
1149 2373 1246 2419 suum
1276 2340 1449 2472 vin-1523}

303 2455 408 2522 dicare
444 2455 631 2533 intendunt,
670 2477 781 2522 omues
818 2455 954 2522 fuenmt
985 2456 1109 2542 pariter
1154 2423 1380 2522 obtnmccti.p

302 2557 468 2627 Continuo
489 2559 579 2626 fumo
600 2559 760 2626 dilabitur
790 2559 833 2626 od
865 2558 1030 2648 principes
1061 2559 1223 2646 perempti
1256 2558 1350 2645 regis,

302 2663 359 2750 qui
391 2684 458 2729 non
487 2665 585 2751 longe
617 2661 772 2729 excubias
802 2663 952 2750 egebunt
999 2661 1094 2728 Inter
1116 2683 1197 2749 quos
1221 2659 1352 2728 Osricus

301 2766 406 2832 mcior
427 2765 543 2833 ceteris
565 2766 668 2832 socios
698 2765 859 2843 hortetur,
895 2787 938 2830 ne
972 2769 1103 2832 tentam
1135 2765 1352 2853 ignominium

301 2870 442 2937 inuitem
463 2869 676 2937 dimitterent
723 2867 824 2936 Unde
853 2869 976 2937 strictis
1007 2868 1139 2937 ensibus
1161 2869 1295 2935 irruunt
1317 2868 1353 2933 in

302 2973 419 3041 hostes
478 2973 688 3039 Kinehsrdns
732 2972 803 3039 haec
840 2972 965 3050 videns,
1005 2973 1231 3060 cognationem
1269 2992 1353 3058 pree-

302 3076 419 3159 tendit‚
448 3078 556 3144 multe
583 3076 762 3164 pollicetm.
807 3075 873 3143 Sed
907 3074 965 3141 ubi
998 3074 1083 3139 nihil
1117 3074 1253 3162 proficit,
1277 3094 1353 3139 suos

302 3180 345 3247 ad
365 3180 584 3247 resistendum
606 3179 761 3247 escendit
806 3178 953 3244 Tandem
968 3177 1068 3265 regiis
1082 3176 1242 3243 ministris
1264 3176 1353 3243 iustu

302 3284 515 3369 proveniente
547 3282 695 3361 victoris,
729 3281 958 3347 Kinehardum
990 3302 1065 3347 cum
1102 3280 1170 3347 suis
1202 3278 1353 3347 omnibus

303 3391 516 3472 perememnt
577 3385 705 3473 Corpus
736 3406 816 3451 vero
851 3384 1011 3451 Kinewlfi
1048 3384 1135 3472 regis
1173 3382 1352 3451 Wintoniae

304 3490 466 3577 sepultum
488 3494 558 3569 est;
592 3488 778 3555 Kinehurdi
808 3493 922 3555 sutem
944 3486 1034 3575 epud
1057 3486 1240 3575 Repindon,
1264 3487 1353 3573 quod

303 3596 382 3658 tunc
414 3592 524 3661 nobile
557 3591 744 3660 coenobium
778 3596 851 3659 eret
881 3596 917 3659 et
950 3591 1121 3675 fumosum,
1156 3614 1272 3679 corpus
1303 3594 1354 3657 cst

303 3696 474 3783 sepultum.

363 4180 614 4251 ῦοιιιιιιιιιιο.
660 4176 711 4249 De
736 4176 909 4351 guttum
932 4194 1006 4263 ιιιι
1032 4173 1307 4243 beaumount

763 4301 925 4349 mourut.

349 4520 542 4587 Dnrmrcro
572 4538 649 4607 rege
683 4514 943 4585 Occidentciium
978 4512 1146 4581 Saxonum
1186 4510 1452 4630 Kuewlfowffl

305 4624 490 4692 Brithricus
525 4622 614 4689 filius
651 4621 721 4687 eius
757 4620 910 4687 suecessit
947 4616 983 4683 in
1016 4638 1155 4705 regnum
1188 4578 1452 4708 sexdecimffl
1444 4660 1469 4713 9
1482 4650 1521 4697 59

304 4728 405 4796 cunis.
450 4724 522 4794 Iste
544 4723 727 4793 Brithricus
747 4722 838 4811 pacis
859 4742 959 4811 quom
990 4720 1068 4789 belli
1090 4720 1276 4802 studiosior,
1300 4742 1352 4789 cr-
1338 4728 1521 4855 -Rossvggneu

1164 4829 1220 4891 ¹³2
1366 4864 1491 4931 ipsse,
