3542 5800
461 884 526 946 322
723 894 788 945 ulo.
813 896 859 946 DE
881 893 1016 947 munuc.
1039 894 1128 947 SPBO.
1153 894 1241 947 mss.

291 1092 380 1158 bytho
459 1083 650 1149 nationibus
667 1084 759 1148 illata
777 1090 834 1148 est
894 1081 992 1147 Libet
1018 1083 1164 1149 eiusdem
1185 1083 1286 1149 cladis
1312 1104 1443 1149 causam
1466 1083 1511 1149 ad

291 1158 435 1275 ξιὶξξοῖώθ
459 1188 621 1251 cautelam
648 1187 836 1253 futurorum
862 1184 1008 1251 breviter
1033 1186 1219 1272 legentibus
1243 1186 1406 1251 intimare.
1467 1186 1510 1251 ln

289 1288 644 1376 Hen.11unt.A11g10111111
672 1289 805 1376 quidem
829 1289 963 1354 ecclesia
991 1288 1162 1375 primitiva
1187 1289 1304 1376 religio
1333 1288 1510 1354 clarissime

286 1400 311 1434 v.
324 1383 391 1435 Prol.
460 1394 669 1480 resplenduit,
696 1394 746 1458 ita
769 1396 809 1456 ut
831 1412 923 1478 reges
945 1396 980 1455 et
1001 1392 1134 1477 reginae,
1156 1392 1320 1478 principes
1342 1413 1380 1456 ac
1402 1392 1508 1469 duces,

458 1496 606 1562 consules
635 1500 670 1561 et
707 1495 846 1560 barones
884 1494 1156 1580 ecclesiarumque
1191 1498 1331 1560 rectores
1368 1495 1508 1560 coelestis

457 1600 550 1686 reg'ni
575 1599 734 1664 desiderio
759 1598 902 1662 succensi
930 1596 1172 1676 monachatum,
1203 1601 1422 1683 spontaneum
1451 1618 1509 1663 ex·

456 1701 558 1777 ilium,
590 1700 697 1766 vitam
739 1699 920 1765 solitariam
959 1701 1112 1763 certatim
1143 1703 1345 1786 appetentes,
1384 1700 1509 1765 relictis

456 1804 609 1869 omnibus
638 1804 819 1869 Dominum
843 1805 1066 1887 sequerentur.
1130 1800 1287 1866 Processu
1316 1822 1396 1867 vero
1424 1807 1509 1867 tem-

453 1910 542 1994 poris
566 1906 647 1973 adeo
671 1907 708 1971 in
732 1907 778 1972 eis
803 1907 911 1973 omnis
936 1905 1045 1973 virtus
1067 1907 1237 1984 emarcuit,
1252 1912 1292 1971 ut
1313 1906 1406 1971 nulla
1426 1928 1508 1993 gens

288 1466 313 1515 p.
326 1454 381 1501 736.
393 1452 417 1503 b.

453 2010 640 2095 proditione
670 2009 724 2074 vel
750 2008 865 2073 fraude
895 2008 943 2073 ais
973 2007 1151 2073 consimilis
1189 2007 1366 2073 videretur.
1437 2008 1508 2075 Nec

453 2116 524 2177 erat
555 2112 601 2177 eis
632 2112 777 2176 invisum
807 2110 934 2195 aliquid
972 2110 1037 2174 nisi
1064 2111 1170 2196 pietas
1200 2114 1235 2175 et
1271 2110 1408 2189 iustitia,
1446 2132 1508 2177 nec

452 2216 558 2282 honor
579 2218 644 2283 nisi
666 2216 753 2281 bella
775 2216 951 2303 plusquam
974 2213 1107 2295 civilia,¹
1141 2220 1176 2281 et
1197 2216 1368 2302 sanguinis
1390 2216 1507 2283 effusio

451 2319 671 2391 innocentum.
735 2318 829 2383 Misit
859 2338 937 2404 ergo
967 2317 1013 2382 eis
1044 2316 1135 2383 Deus
1162 2319 1368 2404 omnipotens
1391 2325 1507 2406 gentes

451 2442 597 2507 paganas
629 2427 663 2485 et
706 2420 950 2497 crudelissimas,
982 2420 1076 2485 velut
1106 2443 1206 2507 epum
1236 2422 1398 2503 examina,
1429 2444 1505 2509 qum

450 2544 491 2587 ne
525 2522 674 2607 quidem.
693 2524 787 2587 sexui
818 2522 972 2597 muliebri
1002 2526 1062 2586 aut
1092 2523 1305 2609 parvulorum
1335 2531 1506 2609 parcerent

450 2624 551 2702 retati,
570 2624 681 2699 Dauos
698 2623 821 2688 scilicet
842 2628 877 2689 st
901 2623 1147 2710 Norwegenses,
1166 2624 1291 2691 Gothos
1306 2632 1340 2690 et
1356 2626 1506 2692 Swathe·

450 2728 517 2804 dos,
544 2727 721 2791 Wandalos
745 2731 779 2791 et
803 2726 928 2802 Fresos,
954 2727 1028 2811 quis
1051 2727 1094 2791 ab
1120 2727 1255 2792 exordio
1279 2729 1366 2814 regis
1391 2728 1505 2794 Ethel-

450 2830 526 2908 wlfi,
566 2828 607 2893 de
649 2849 715 2914 quo
745 2848 833 2893 nunc
870 2828 907 2892 in
937 2828 1088 2916 proximo
1126 2828 1281 2908 dicemus,
1319 2851 1423 2917 usque
1459 2832 1504 2897 ad

449 2931 716 2997 Normannorum
750 2931 940 3009 adventum,
979 2953 1037 3018 per
1067 2953 1170 2997 annos
1207 2933 1308 2998 ferme
1345 2935 1503 3000 ducentos

446 3035 587 3121 triginta
602 3039 723 3098 terram
739 3033 823 3098 hanc
850 3035 1062 3120 peccatricem
1086 3057 1108 3099 a
1128 3056 1218 3100 mare
1232 3057 1338 3121 usque
1352 3037 1395 3101 ad
1410 3059 1501 3102 mare

448 3142 482 3202 ct
512 3137 554 3202 ab
585 3137 717 3201 homine
748 3157 850 3222 usque
877 3137 921 3200 ad
947 3158 1044 3223 pecus
1069 3137 1270 3203 deleverunt.
1330 3137 1502 3224 Siquidem

448 3239 604 3327 Angliom
631 3239 743 3304 crebro
771 3243 805 3303 et
829 3239 976 3326 undique
1003 3239 1208 3319 invadent-es,
1234 3261 1303 3305 non
1325 3261 1399 3305 eam
1424 3243 1503 3308 sub-

448 3341 560 3428 iugare
584 3363 621 3407 ao
645 3341 816 3428 possidere,
845 3341 903 3406 sed
926 3343 1065 3428 praedari
1089 3348 1124 3407 et
1147 3343 1282 3430 perdere
1296 3343 1502 3430 satagebant.

451 3443 517 3522 Qui
544 3444 571 3508 si
602 3443 779 3528 aliquando
810 3445 1030 3522 vincerentur,
1061 3466 1130 3508 non
1152 3445 1365 3530 proficiebant
1388 3447 1500 3533 Angli,

448 3567 523 3612 cum
553 3545 632 3610 alibi
663 3544 772 3610 classis
802 3546 908 3611 maior
948 3551 983 3610 et
1011 3546 1173 3612 exercitus
1202 3569 1244 3613 ex
1274 3549 1442 3634 inproviso
1465 3555 1501 3615 et

446 3647 556 3714 subito
572 3647 753 3714 adveniret.
800 3647 968 3712 Nimirum
990 3647 1070 3713 dum
1092 3649 1189 3714 modo
1206 3671 1300 3736 reges
1314 3651 1500 3737 Anglorum

444 3753 479 3816 in
514 3751 645 3838 plagam
684 3751 778 3836 regni
817 3749 1010 3814 orientalem
1057 3756 1174 3816 eontra
1211 3751 1284 3817 illos
1325 3753 1500 3820 tenderent

444 3854 635 3941 pugnaturi,
659 3857 838 3937 antequam
862 3853 980 3916 turmis
1003 3854 1319 3940 appropinquassent
1338 3855 1497 3934 hostibus,

443 3957 554 4021 dicens
570 3957 706 4020 nuntius
729 3954 927 4020 advolabat:
978 3965 995 3990 “
1012 3955 1172 4034 Quonam,
1197 3979 1265 4035 rex,
1289 3957 1353 4022 iter
1374 3959 1502 4024 sumisl

446 4059 527 4124 Ecce
552 4080 640 4123 nunc
666 4057 776 4122 classis
803 4079 1006 4142 paganorum
1029 4058 1279 4122 innumerabilis
1302 4081 1345 4123 ex
1359 4061 1498 4126 australi

446 4167 540 4246 parto
568 4162 662 4246 regni
698 4160 814 4224 littora
838 4181 1008 4244 occupans,
1032 4159 1129 4224 urbes
1153 4165 1187 4225 ct
1218 4161 1315 4225 villas
1345 4163 1498 4248 praedans

445 4263 532 4326 ferro
572 4283 710 4347 spiraque
749 4261 812 4324 sibi
863 4261 964 4326 obs'ia
1005 4267 1039 4326 et
1071 4262 1223 4326 incendio
1254 4263 1497 4350 conflagravit.”

446 4363 516 4427 Nec
539 4365 648 4427 ruinus
673 4364 746 4429 ideo
770 4384 883 4427 rumor
905 4363 1094 4428 huiusmodi
1118 4364 1308 4430 oboriente
1330 4367 1384 4430 vel
1414 4369 1497 4432 occi·

444 4465 542 4531 dente
589 4471 647 4530 out
685 4465 836 4551 aquilone
883 4466 1118 4552 superveniens
1165 4489 1294 4532 omnem
1332 4469 1495 4556 indigenis

444 4667 1019 4678 Q*---.-—-—
1025 4669 1171 4676 —-.-.·—-
1180 4669 1446 4679 -----——-·--.
1456 4673 1473 4679 .-

875 4803 881 4832 ¹
895 4801 990 4856 Lucan.
1001 4802 1018 4858 l.
1032 4807 1054 4852 1.
