3542 5800
440 855 505 919 230
708 865 773 917 arc.
797 865 843 916 ne
865 864 998 918 ornare.
1022 865 1109 917 arno.
1133 865 1218 917 msr.

440 1043 596 1109 adversus
634 1041 772 1108 Mercios
809 1042 924 1129 praelio
961 1043 1099 1130 gloriam
1136 1047 1322 1131 temporum
1360 1064 1494 1110 suorum

439 1168 506 1212 non
529 1167 647 1233 parum
670 1145 956 1211 obnubilaverunt.
1019 1146 1075 1212 Ita
1097 1147 1206 1233 siquid
1230 1146 1350 1214 accidit
1371 1147 1491 1234 probri,

438 1272 507 1316 non
529 1255 677 1329 taoetur;
700 1249 816 1334 siquod
836 1249 990 1335 prosperi,
1012 1271 1129 1338 parum
1152 1250 1312 1316 chronicis
1336 1255 1490 1316 notatur:

440 1356 509 1419 sive
532 1354 622 1439 quod
644 1352 793 1419 consulto
815 1351 940 1418 factum
970 1357 1029 1430 est,
1052 1353 1122 1418 sive
1145 1355 1234 1439 quod
1256 1357 1386 1420 naturae
1407 1355 1492 1420 vitio

440 1464 663 1544 comparatum
685 1462 743 1531 est,
769 1455 955 1541 quodcum
978 1456 1023 1520 sit
1050 1456 1211 1521 bonorum
1234 1456 1343 1522 brevis
1376 1457 1492 1544 gratia,

441 1565 631 1641 ‘aeternum,
670 1581 746 1645 quae
766 1580 915 1638 nocuere,
948 1559 1098 1624 dolent'1
1169 1560 1249 1626 Post
1280 1559 1353 1624 illos
1384 1560 1493 1626 nobile

439 1686 572 1750 germen
610 1685 724 1750 regum
772 1661 911 1742 exaruit,
949 1683 1124 1750 generosus
1165 1663 1299 1750 sanguis
1336 1663 1491 1750 effriguit.

439 1767 533 1835 Tune
562 1764 866 1854 impudentissimus
897 1766 1043 1852 quisque,
1067 1767 1121 1832 cui
1142 1766 1197 1832 vel
1218 1767 1334 1854 lingna
1357 1765 1492 1831 divitias

439 1873 493 1939 vel
522 1870 622 1938 factio
651 1876 809 1936 terrorem
840 1875 1094 1955 comparaverat,
1119 1869 1162 1934 ad
1194 1869 1405 1956 tyrannidem
1435 1891 1493 1934 an·

270 1983 403 2034 ethelbert
437 1977 572 2056 helare;
618 1980 699 2040 tunc
729 1973 819 2064 regio
849 1973 974 2059 insigni
1003 1972 1133 2059 indigni
1171 1973 1274 2038 abuti.
1344 1972 1492 2053 Quorum

270 2051 384 2180 {iffi
440 2103 514 2151 eum
538 2077 751 2144 Ethelbertus
781 2075 932 2162 idemque
954 2075 1049 2154 Pren,
1083 2097 1158 2140 oum
1181 2076 1314 2142 biennio
1346 2075 1491 2142 Cantus·

270 2186 361 2250 ayne
440 2184 515 2249 ritis
537 2182 750 2268 imperitaret,
774 2180 810 2243 in
834 2178 974 2244 Marcios
997 2179 1121 2244 maiora
1142 2179 1270 2245 viribus
1300 2184 1436 2245 conatus
1459 2185 1493 2246 et

270 2252 404 2302 Marciana
535 2287 541 2299 .
858 2281 865 2296 ·
949 2283 955 2296 .
1384 2284 1389 2296 .
1418 2285 1425 2297 .
1484 2283 1490 2296 .

271 2330 384 2381 cumas
440 2287 483 2350 ab
514 2286 637 2350 eisdem
675 2287 797 2369 eaptus,
832 2282 974 2347 vmoulrs
1004 2304 1131 2361 manus,
1156 2303 1271 2368 empus
1305 2288 1494 2370 eapt1v1tat1

270 2398 384 2476 nomina
440 2387 591 2476 praebuit.
654 2385 725 2452 Nec
748 2386 854 2450 multo
880 2389 956 2471 post
982 2385 1023 2449 ab
1047 2383 1196 2449 hostibus
1222 2385 1363 2466 laxatus,
1386 2387 1444 2451 sed
1473 2408 1494 2451 a

269 2465 390 2582 ffiss,
441 2491 510 2556 suis
539 2512 607 2555 non
636 2495 793 2574 receptus,
818 2487 956 2552 dubium
986 2510 1051 2573 qno
1081 2488 1146 2552 fine
1177 2487 1302 2554 defecit.
1365 2488 1493 2554 Deinde

270 2605 377 2664 ΗΘΜ·
441 2594 589 2661 eiusdem
619 2591 817 2658 calamitatis
841 2597 875 2656 et
906 2590 1057 2656 factionis
1081 2591 1173 2656 heres
1205 2591 1393 2657 Outhredus
1420 2597 1494 2658 octo

270 2677 427 2796 merbiis
441 2699 538 2763 annis
569 2696 637 2762 solo
661 2695 784 2760 scilicet
807 2694 941 2758 nomine
971 2695 1132 2780 regnavit.
1194 2693 1284 2759 Hinc
1306 2695 1403 2782 regiae
1426 2696 1496 2783 dig-

268 2813 311 2862 for
325 2818 355 2862 ra
440 2801 556 2865 nitatis
587 2799 777 2864 abortivum
806 2796 988 2862 Baldredus
1019 2801 1193 2882 postquam
1224 2796 1384 2863 Kantiam
1416 2799 1496 2864 duo

269 2894 352 3006 {4⁹3¹
440 2904 602 2991 deviginti
625 2901 721 2967 annis
745 2898 881 2976 obsedit,
899 2900 941 2964 ab
963 2900 1126 2987 Egbrihto
1149 2922 1224 2987 rege
1240 2898 1494 2967 westsaxonum

269 3020 410 3087 mergeris
440 3006 552 3096 praelio
591 3006 704 3092 pulsus
741 3006 778 3069 in
824 3004 961 3069 exilium
1001 3002 1167 3069 concessit.
1253 3002 1310 3069 Ita
1357 3026 1494 3092 regnum

269 3090 420 3207 fflssffie
441 3111 585 3189 Kantiae,
609 3110 698 3195 quod
728 3109 771 3173 ab
802 3128 890 3172 anno
921 3106 1158 3171 incarnationis
1180 3104 1316 3171 Domini
1339 3110 1495 3194 quadrin-

270 3224 344 3274 Wert
439 3214 619 3302 gentesimo
647 3210 895 3299 quadragesimo
919 3215 1037 3295 quarto
1060 3214 1200 3275 steterat
1223 3210 1318 3275 annis
1339 3214 1496 3278 trecentis

269 3290 400 3407 {3⁰39
439 3316 824 3405 septuagintaquinque,
848 3314 1006 3400 potestati
1028 3312 1283 3379 Westsaxonum
1307 3316 1447 3383 accessit.

273 3422 318 3487 [n.
331 3424 400 3473 an.

271 3489 343 3554 erq.

605 3744 857 3814 Ocurrronrro.
903 3746 953 3813 Da
975 3754 1080 3815 morte
1103 3744 1225 3816 Osredt
1246 3746 1337 3834 regia

788 3848 1108 3919 Nortlzomtroram.

268 3944 339 3998 will.

269 4014 401 4066 Malmesb.

268 4081 285 4131 i.
299 4086 339 4142 aa,
352 4098 376 4146 p.
385 4086 425 4132 eo.
485 4070 654 4146 OsannUS,
686 4090 747 4135 rex
778 4068 1089 4145 Northumbrorum,
1122 4068 1180 4155 qui
1211 4068 1307 4134 annis
1339 4068 1493 4135 undecim

269 4148 377 4277 gffg‘kf
439 4175 565 4239 dictum
602 4194 740 4261 regnum
778 4171 971 4236 inumbrans
1003 4176 1198 4258 turpemque
1229 4171 1334 4237 vitam
1373 4172 1493 4237 sancti-

269 4280 365 4359 Nonu-
439 4276 631 4341 monialium
656 4276 780 4362 stupris
807 4273 989 4362 exagitans,
1012 4274 1148 4340 tandem
1176 4280 1388 4363 cognatorum
1414 4274 1493 4339 insi-

269 4349 374 4461 {122¹}ss
439 4376 504 4442 diis
534 4400 636 4444 caesus
666 4379 804 4443 eandem
834 4378 1003 4443 fortunam
1033 4378 1070 4442 in
1094 4377 1204 4463 ipsos²
1226 4378 1355 4443 refudit.
1403 4376 1493 4442 Nam

270 4470 583 4611 ffilfsregni'Osredus
598 4481 696 4545 iuxta
710 4502 799 4548 mare
815 4502 967 4571 pugnans
981 4480 1061 4547 belli
1076 4480 1258 4547 infortunio
1273 4482 1493 4569 interemptus

272 4618 311 4663 11.

505 4802 513 4832 ¹
530 4798 626 4851 Aaron.
641 4798 759 4852 θωνα.
769 4796 815 4849 xii
826 4804 849 4849 4.
1024 4800 1034 4829 ¹
1050 4797 1127 4866 ι’ρεω]
1146 4796 1214 4865 ipsis,
1226 4796 1282 4851 ΜΒ.
