3542 5800
287 2627 357 2678 Will.

367 2709 393 2744 es

286 2763 302 2811 i.
317 2766 356 2820 81,

453 867 519 932 234
721 881 786 931 aro.
810 879 857 932 mr
879 879 1012 931 crunno.
1035 879 1122 930 erno.
1146 881 1231 931 mer.

452 1071 609 1157 exemplo.
665 1071 733 1137 Sed
762 1072 915 1159 recogita,
946 1093 1064 1158 queso,
1088 1091 1187 1158 quum
1216 1072 1397 1138 terribilem
1427 1072 1501 1138 vin-

452 1173 574 1239 dictum
595 1174 686 1240 Deus
706 1175 744 1239 in
765 1175 944 1240 anteriores
969 1197 1059 1261 reges
1086 1177 1230 1241 exercuit
1257 1176 1326 1241 eius
1342 1175 1497 1262 [culpae]¹

452 1277 594 1342 conscios
621 1299 720 1362 quam
747 1278 783 1343 in
808 1284 844 1344 te
870 1279 1043 1364 arguimus.
1101 1276 1190 1342 Nam
1218 1277 1392 1344 Celredum
1419 1299 1502 1366 prse-

452 1380 651 1446 deoessorem
674 1387 769 1446 tuum
792 1386 1012 1468 stupratorem
1027 1381 1325 1447 sanctimonialium
1347 1387 1383 1447 et
1405 1382 1502 1446 eccle-

452 1481 657 1548 siasticorum
678 1484 927 1570 privilegiorum
949 1482 1122 1548 fractorem
1146 1483 1315 1571 splendide
1338 1507 1411 1550 cum
1434 1485 1501 1550 suis

452 1587 626 1654 comitibus
650 1587 838 1674 epulantem
862 1587 997 1673 spiritus
1021 1587 1184 1674 malignus
1206 1587 1356 1673 arripuit,
1376 1593 1410 1653 et
1432 1588 1501 1653 sine

452 1691 651 1758 confessione
687 1695 722 1755 et
759 1691 880 1756 viatico
919 1712 993 1756 cum
1033 1689 1162 1755 diabolo
1199 1691 1431 1756 sermocinanti
1468 1697 1502 1756 et

451 1794 557 1882 legem
582 1793 645 1858 Dei
670 1792 847 1858 detestanti
874 1794 1020 1859 animam
1047 1793 1193 1859 extorsit.
1240 1792 1400 1860 Osredum
1425 1816 1502 1880 quo·

453 1919 524 1987 que,
555 1919 665 1984 regem
696 1896 872 1962 Deirorum
903 1903 938 1962 et
969 1895 1194 1962 Bernicicrum
1224 1898 1401 1977 earundem
1436 1897 1502 1962 cui·

452 2023 569 2090 parurn
584 2001 693 2066 reum⁹
715 1999 765 2065 ita
784 1999 940 2064 effrenem
960 1999 1036 2086 egit,
1054 2005 1094 2064 ut
1114 2021 1251 2087 regnum
1273 2005 1307 2066 et
1326 2001 1501 2066 iuvenilem

453 2111 584 2173 aetatem
604 2102 847 2190 contemptibili
867 2107 973 2169 morte
994 2103 1173 2170 amitteret.
1222 2103 1358 2169 Carolus
1374 2125 1502 2190 quoque

452 2211 601 2296 princeps
618 2207 819 2274 Francorum
833 2209 1107 2273 monasteriorum
1123 2206 1303 2274 multorum
1319 2229 1451 2273 eversor
1469 2214 1503 2273 et

453 2312 742 2379 ecclesiasticarum
767 2311 980 2397 pecuniarum
1007 2311 1044 2376 in
1068 2331 1142 2377 suos
1169 2331 1247 2376 usus
1273 2317 1503 2390 commutator,

452 2417 552 2502 longa
573 2417 717 2480 tortione
739 2419 774 2480 et
795 2415 940 2480 verenda
962 2419 1068 2480 morte
1090 2419 1303 2501 consumptus
1325 2415 1403 2480 est.”

498 2519 543 2584 Et
566 2517 672 2583 iniret

499 2629 517 2658 “
533 2621 750 2708 Quapropter,
785 2621 835 2686 fili
880 2619 1054 2702 carissime,
1087 2621 1233 2708 paternis
1271 2627 1305 2688 et
1351 2621 1503 2688 subnixis
1562 2597 1573 2624 ⁰

393 2695 418 2746 b·
452 2723 601 2813 precibus
624 2723 842 2810 deprecamur,
862 2729 982 2789 utnon
1004 2724 1163 2811 despicias
1178 2725 1348 2790 consilium
1372 2731 1502 2812 patrum

286 2828 676 2914 e·1¹⁴‚⁸0n·tnorum,qui
704 2848 763 2914 pro
796 2826 859 2891 Dei
891 2847 1000 2893 amore
1032 2827 1258 2894 celsitudinem
1281 2833 1374 2894 tuam
1397 2828 1505 2916 appel-

452 2932 522 2999 lare
544 2935 709 3017 satagunt
770 2928 866 2994 Nihil
899 2932 987 2996 enim
1018 2931 1105 2996 bono
1128 2932 1199 3019 regi
1220 2932 1383 2998 salubrius
1406 2953 1503 3018 quam

452 3037 480 3101 si
510 3036 592 3101 talia
614 3034 784 3099 commissu
806 3054 881 3098 cum
907 3040 1094 3121 arguuntur
1116 3035 1258 3101 libenter
1280 3035 1504 3122 emendentur,

455 3140 533 3225 quia
570 3158 629 3224 per
667 3134 900 3201 Salomonem³
938 3136 1081 3203 dicitur:
1122 3138 1214 3217 ‘Qui
1256 3137 1369 3224 diligit
1406 3137 1503 3201 disci-

453 3242 586 3329 plinam,
612 3240 723 3327 diligit
746 3238 963 3325 sapientiam!
1010 3239 1099 3319 Ide0,
1123 3238 1172 3305 fili
1198 3240 1372 3319 carissime,
1397 3246 1504 3305 osten·

454 3345 568 3410 dentes
606 3342 780 3408 consilium
813 3340 938 3407 iustum
977 3349 1203 3409 contestamur
1235 3349 1270 3409 et
1302 3344 1506 3409 obsecramus

451 3468 510 3533 per
533 3444 703 3511 viventem
727 3444 836 3511 Deum
862 3451 898 3511 et
927 3466 986 3532 per
1009 3445 1134 3511 Filium
1157 3446 1227 3513 eius
1249 3446 1365 3513 desum
1393 3446 1503 3513 Chris-

449 3555 524 3615 tum
561 3554 596 3613 et
634 3570 693 3634 per
726 3548 888 3635 Spiritum
919 3548 1087 3629 Sanctum,
1119 3554 1159 3615 ut
1188 3550 1367 3616 recorderis
1404 3570 1503 3635 quam

449 3650 594 3739 fugitiva
615 3651 660 3717 sit
682 3650 756 3716 vita
777 3672 928 3737 praesens,
956 3656 991 3717 et
1025 3672 1124 3737 quam
1147 3650 1257 3718 brevis
1294 3658 1329 3719 et
1358 3674 1503 3719 momen-

448 3761 548 3822 tanea
570 3754 742 3821 delectatio
765 3776 890 3841 spurcae
918 3754 1033 3835 earnis,
1058 3760 1093 3821 et
1126 3776 1225 3841 quarn
1248 3754 1504 3844 ignominiosum

448 3858 493 3924 sit
522 3864 563 3925 ut
594 3858 705 3923 brevis
727 3857 809 3923 vitae
831 3857 928 3922 bomo
952 3858 1041 3922 mala
1062 3859 1216 3945 exempla
1244 3858 1281 3923 in
1310 3866 1504 3946 perpetuum

448 3963 588 4051 posteris
625 3961 800 4047 relinquat.
862 3959 977 4047 Incipe
1016 3982 1093 4048 ergo
1131 3960 1323 4027 melioribus
1359 3962 1504 4027 moribus

448 4068 555 4132 vitam
577 4084 767 4151 componere
802 4067 837 4128 et
873 4065 1060 4149 prseteritos
1082 4086 1207 4130 errores
1230 4064 1416 4129 iuventutis
1437 4085 1505 4129 eor-

449 4172 565 4254 rigere,
599 4174 640 4233 ut
669 4168 722 4233 hic
745 4188 853 4235 oorarn
884 4165 1076 4233 hominibus
1104 4167 1237 4233 laudem
1265 4166 1388 4232 babeas
1410 4171 1446 4231 et
1466 4166 1503 4229 in

450 4269 563 4336 futuro
600 4276 725 4336 aeterna
761 4270 867 4358 gloria
908 4270 1058 4356 gaudeas.
1128 4270 1245 4335 Valere
1278 4268 1502 4335 celsitudinem

452 4376 596 4438 tuamet
616 4374 654 4437 in
676 4374 772 4439 bonis
794 4374 943 4439 moribus
966 4374 1121 4461 proficere
1144 4371 1325 4461 optamus.''

517 4735 523 4765 ¹
541 4732 631 4801 σπῖρα]
649 4748 698 4785 om.
710 4734 767 4786 MS.

517 4812 527 4840 ²
542 4810 621 4876 reum]
640 4824 730 4873 renim,
742 4810 798 4864 MS.
