3542 5800
461 890 504 949 54
728 904 793 952 nro.
819 904 866 950 nu
888 904 1023 954 amnuo.
1048 902 1138 953 oruc.
1162 904 1250 953 msc.

459 1090 597 1155 scilicet¹
621 1090 704 1156 volo.
751 1092 842 1159 Deus
855 1114 915 1159 vos
929 1092 1108 1159 incolumes
1122 1092 1294 1174 custodiat,
1310 1092 1514 1160 dilectissimi

460 1192 529 1256 filii.

289 1316 342 1365 cul.
355 1323 395 1377 23,
506 1303 525 1329 “
540 1296 631 1361 Data
659 1296 714 1363 die
746 1298 871 1363 decima
900 1298 1114 1365 kalendarum
1145 1298 1379 1385 Augustarum,
1412 1300 1514 1387 impe

288 1384 448 1515 ffipfflffffc·
460 1402 556 1463 rante
578 1398 711 1465 domino
733 1407 845 1467 nostro
868 1402 1027 1469 Mauricio
1046 1402 1177 1467 Tiberio
1193 1402 1338 1489 piissimo
1361 1402 1515 1490 Augusto

424 1490 430 1502 ’
459 1506 577 1587 quarto
607 1502 742 1585 decimo,
772 1509 848 1591 post
878 1505 1087 1571 consulatum
1110 1505 1254 1571 eiusdem
1278 1505 1404 1571 domini
1425 1528 1513 1573 anno

457 1604 713 1686 tertiodecimo,
738 1606 919 1675 indictione
943 1615 1062 1695 quarta
1084 1606 1238 1675 decima.''

889 2016 968 2081 Car.
994 2014 1041 2079 ΙΙ.

290 2228 349 2277 nec.
363 2228 380 2277 i.
394 2233 434 2278 24.
458 2206 558 2292 Quod
596 2207 710 2275 maleo
740 2207 925 2292 Grcymiccs
954 2206 1053 2273 misit
1092 2206 1223 2272 litteras
1252 2206 1300 2273 od
1329 2204 1511 2274 Ethemeam

694 2309 928 2378 Arclotcuscca
950 2309 1264 2397 Archtcptecmium.

287 2484 415 2534 laceror
503 2476 607 2539 Mrem
636 2474 737 2540 etiam
763 2479 843 2541 tunc
872 2474 960 2541 idem
983 2474 1192 2543 venerandus
1215 2459 1364 2563 pontifex
1387 2473 1510 2561 Grego-

286 2552 444 2667 ἱζῗξζζὶζω
456 2578 524 2643 rius
545 2578 590 2643 ad
613 2578 794 2643 Ethereum
816 2579 1043 2647 Arelatenscm
1065 2578 1343 2665 archiepiscopum
1372 2578 1510 2657 litteras,

287 2684 420 2748 bishopof
455 2686 496 2745 ut
525 2680 752 2768 Augustinnm
781 2688 972 2769 pergentem
998 2681 1208 2747 Britanniam
1237 2680 1380 2767 benigne
1409 2680 1509 2745 susci-

287 2750 371 2801 Arloe.
454 2790 554 2870 perot,
577 2806 716 2870 quarum
738 2784 926 2851 litterarum
947 2786 1011 2850 istc
1034 2790 1084 2851 est
1106 2790 1238 2849 textam:

502 2895 519 2923 “
536 2886 816 2954 Reverentissimo
832 2892 867 2954 et
882 2888 1090 2954 sanctissimo
1106 2886 1202 2954 fratri
1221 2886 1364 2954 Ethereo
1386 2884 1507 2974 coepis-

454 3014 543 3079 copo,
584 2992 760 3080 Gregorius
797 3013 912 3058 servus
944 3013 1114 3058 servorum
1149 2991 1220 3056 Dei.
1284 2989 1381 3056 Licet
1418 2991 1507 3078 apud

453 3097 635 3162 sacerdotes
668 3095 828 3162 hebentes
860 3095 932 3160 Deo
966 3093 1120 3182 placitam
1159 3093 1334 3160 caritatem
1365 3092 1507 3180 religiosi

452 3199 519 3262 viri
556 3199 678 3264 nullius
717 3198 1000 3266 commendatione
1037 3198 1235 3287 indigeant3
1281 3196 1359 3283 quia
1395 3201 1507 3262 tamen

452 3306 568 3388 aptum
592 3307 722 3388 tempus
745 3323 779 3366 se
801 3301 964 3366 scribendi
986 3301 1132 3388 ingessit,
1160 3299 1365 3366 fraternitati
1388 3305 1507 3366 vestme

451 3407 564 3467 nostra
587 3402 722 3468 mittere
746 3403 869 3490 scripta
889 3405 1096 3470 curavimus:
1130 3403 1344 3486 insinuantes,
1367 3401 1506 3468 latorem

451 3504 665 3591 praesentium
695 3505 921 3591 Augustinum
961 3529 1093 3572 servum
1123 3505 1195 3585 Dei,
1224 3505 1266 3572 de
1299 3505 1391 3570 cuius
1425 3505 1506 3572 certi

450 3628 563 3672 sumus
585 3608 705 3687 etudi0,
722 3631 796 3674 cum
811 3609 886 3674 aliis
909 3609 1012 3674 servis
1028 3609 1092 3674 Dei
1114 3609 1181 3674 illic
1201 3630 1262 3674 nos
1283 3630 1342 3694 pro
1358 3607 1506 3674 utilitate

451 3711 636 3776 animarum
658 3711 842 3778 auxiliante
865 3711 1011 3778 Domino
1034 3711 1212 3778 direxisse:
1255 3733 1352 3798 quem
1376 3731 1505 3776 necesse

451 3818 564 3880 estut
597 3814 791 3882 sacerdotali
821 3815 934 3881 studio
957 3814 1116 3882 sanctitas
1138 3819 1250 3880 vestra
1275 3813 1440 3893 adiuvare,
1471 3817 1506 3878 et

451 3939 512 3982 sua
534 3917 565 3982 ei
592 3917 712 3984 solacia
732 3920 878 4006 praebere
902 3917 1046 3985 festinet.
1104 3918 1167 3985 Oui
1190 3917 1291 3984 etiam
1312 3922 1351 3983 ut
1374 3939 1505 4005 promp-

451 4022 551 4087 tiores
574 4021 618 4086 ad
644 4021 893 4110 suffragandum
924 4022 1058 4108 possitis
1082 4021 1232 4100 existere,
1256 4041 1387 4088 causam
1409 4020 1506 4086 vobis

449 4124 479 4187 ei
509 4125 717 4190 iniunximus
747 4124 918 4191 subtiliter
959 4124 1131 4206 indicare3
1173 4123 1313 4190 seientes
1344 4121 1432 4210 quod
1466 4145 1505 4188 ea

448 4229 589 4314 cognita,
613 4234 687 4294 tote
707 4251 767 4295 vos
801 4233 936 4316 propter
969 4227 1078 4294 Dcum
1111 4227 1290 4294 devotione
1323 4227 1365 4292 ad
1389 4225 1503 4292 solaci·

447 4331 580 4411 andum,
618 4333 699 4417 quia
739 4355 791 4398 res
834 4333 950 4419 exigit,
990 4331 1252 4398 commendetis2
1313 4329 1503 4397 Candidum

447 4439 608 4520 praetorea
645 4435 884 4522 presbyterum,
924 4457 1130 4500 communem
1169 4435 1284 4513 filium,
1324 4456 1422 4522 quem
1459 4435 1503 4500 od

1296 4635 1501 4646 ——Q-

479 4768 487 4797 l
504 4764 607 4832 scilicet]
627 4766 732 4826 silicet,
748 4765 821 4828 Ms.;
845 4765 948 4830 scilicet,
1032 4767 1042 4796 ²
1057 4763 1234 4832 commendetis]
1252 4764 1422 4830 commodetis,
1438 4763 1501 4818 Bed.

445 4849 507 4900 Bed.
1000 4845 1014 4896 i.
1027 4851 1066 4897 24.
