3542 5800
457 923 504 974 nr
526 922 641 972 omns
663 920 783 972 annun
804 919 985 970 raon-11.
1008 905 1059 970 64.
1225 903 1288 968 269

248 1113 398 1200 persequi
429 1113 564 1202 dignare
585 1113 799 1202 propositum,
821 1118 862 1179 ut
891 1113 955 1180 tibi
986 1113 1148 1202 coniugali
1179 1113 1292 1200 copula

248 1215 319 1280 Deo
341 1215 533 1302 disponente
555 1217 730 1282 coniuncta
757 1217 811 1282 sit.
856 1216 1016 1283 Attamen
1040 1217 1080 1282 de
1102 1237 1155 1282 me
1177 1216 1243 1280 iarn
1266 1215 1294 1280 si

248 1339 315 1382 non
344 1317 482 1396 diffidas,
512 1318 543 1384 si
573 1319 663 1385 dicta
696 1319 792 1385 factis
825 1341 1033 1406 compensare
1070 1341 1137 1385 non
1167 1339 1294 1395 renuse,

249 1421 328 1486 novi
352 1419 390 1485 in
415 1442 518 1508 regno
542 1421 740 1488 Merciorum
761 1420 923 1487 mirabilis
944 1421 1056 1510 gloriae
1071 1425 1106 1488 et
1120 1419 1296 1508 potestatis

165 1583 169 1588 ,
249 1523 403 1589 maximae
417 1527 606 1609 tyrannum,
621 1523 780 1612 longaevae
794 1524 972 1590 vetustatis
994 1525 1084 1590 senio
1103 1523 1294 1600 confectum,

249 1625 342 1690 cuius
366 1626 618 1713 circumquaque
648 1625 855 1692 tremendum
892 1626 973 1692 adeo
1011 1626 1204 1692 extenditur
1233 1626 1296 1690 im·

249 1727 388 1814 perium,
424 1733 464 1794 ut
500 1729 671 1795 maiestate
708 1729 873 1796 feritatem
902 1727 1112 1794 transcendat
1149 1726 1296 1794 omnium

249 1835 489 1897 antecessorum
518 1853 643 1920 regum.
688 1831 771 1913 Quis
796 1831 885 1897 enim
911 1829 988 1897 offe
1010 1851 1086 1917 rege
1108 1829 1297 1918 potentiori

252 1933 334 2013 Quis
356 1933 395 1998 in
419 1933 551 2021 englis
576 1933 712 2000 ducibus
735 1932 796 2000 hoc
817 1934 900 2000 duce
921 1933 1114 2020 superbior?
1158 1931 1240 2012 Quis
1259 1929 1296 1996 in

251 2036 402 2102 omnibus
430 2036 563 2124 regibus
585 2037 642 2102 illo
671 2036 858 2102 robustior?
903 2035 986 2118 Quis
1015 2035 1104 2101 inter
1135 2034 1297 2122 principes

251 2144 347 2204 tanto
359 2139 506 2226 principe
527 2138 667 2205 fortiori
712 2138 794 2221 Quis
808 2139 899 2226 gazis
922 2143 956 2204 et
978 2137 1095 2226 opibus
1116 2137 1297 2203 innumeris

252 2241 374 2307 ditiori
417 2241 501 2323 Quis
524 2263 671 2330 purpura
694 2247 729 2308 et
753 2242 861 2328 bysso,
888 2241 998 2308 sericis
1022 2245 1057 2307 et
1087 2237 1294 2328 cycladibus¹

253 2344 457 2432 opulentiori
500 2343 593 2410 Auro
622 2350 657 2411 et
690 2348 826 2431 urgento
854 2347 890 2410 et
918 2343 1027 2432 lupide
1053 2343 1194 2432 pretioso
1224 2343 1299 2430 quis

252 2447 288 2511 in
309 2469 411 2535 regno
433 2447 624 2513 venustiort
669 2446 781 2513 Huius
803 2469 863 2535 ego
887 2447 966 2533 quin
989 2447 1240 2513 consuetudines
1264 2451 1299 2511 et

252 2571 357 2616 rnores
395 2550 620 2637 experimento
657 2549 764 2627 didici,
803 2550 882 2637 quie
911 2550 1049 2638 gloriam
1079 2555 1114 2616 et
1142 2549 1297 2616 honorem

254 2653 347 2740 regni
369 2652 460 2719 illius
483 2653 613 2740 agnovi,
637 2652 741 2718 filiam
765 2652 930 2741 virginem
960 2653 1108 2719 moribus
1137 2653 1299 2740 insignem

254 2754 319 2822 tibi
354 2756 452 2842 cupio
495 2756 628 2834 nubere,
675 2777 775 2843 quam
817 2755 901 2821 mihi
939 2757 975 2822 in
1021 2756 1126 2843 patris
1171 2756 1299 2823 cedibus

254 2857 411 2925 fortuito'
446 2857 588 2947 contigit
620 2857 798 2946 aliquando
830 2859 950 2927 videre.
998 2859 1100 2927 Cuius
1129 2857 1236 2925 forme
1264 2865 1300 2926 et

255 2962 408 3030 honestas
445 2966 549 3029 tantae
584 2966 635 3029 est
670 2962 909 3051 pulcritudinis,
948 2969 988 3029 ut
1026 2962 1156 3029 filiabus
1185 2984 1300 3050 regum
1348 2976 1350 2985 ·

255 3064 497 3153 supereminent
523 3065 695 3131 universis.
741 3065 838 3132 Hanc
867 3064 982 3131 sitibi
1004 3064 1131 3153 poscis³
1160 3066 1197 3131 in
1226 3086 1301 3131 con·

255 3168 392 3255 iugium,
421 3172 553 3234 mortuo
590 3172 734 3253 tyranno
769 3167 934 3255 optinebis
964 3168 1062 3235 simul
1091 3172 1126 3233 et
1154 3190 1299 3255 regnum.

256 3271 462 3337 Grandaevus
490 3270 608 3356 utique
636 3292 697 3336 rex
726 3270 764 3335 in
794 3270 910 3337 diebus
940 3272 1007 3336 suis
1032 3271 1195 3358 processit,
1234 3272 1299 3338 iam

256 3374 387 3461 iamque
415 3396 513 3461 penes
542 3395 577 3439 se
607 3372 675 3439 fere
705 3378 854 3439 emortua
890 3394 985 3439 carne
1015 3378 1105 3441 totus
1135 3376 1300 3441 emarcuit.

257 3477 388 3543 Adhibe
410 3476 524 3564 itaque
537 3475 603 3542 tibi
626 3476 826 3544 consiliarios
852 3476 978 3543 nobiles
1002 3478 1096 3565 regui
1118 3478 1170 3544 tui
1194 3480 1301 3560 duces,

256 3586 291 3646 et
304 3585 517 3668 prosperante
530 3578 603 3645 Deo
621 3579 687 3645 iter
700 3578 792 3645 istud
811 3601 878 3645 non
896 3580 1098 3647 inconsultus
1117 3583 1302 3671 aggredere,

258 3684 337 3749 dum
351 3683 401 3750 ita
421 3688 519 3755 tenus
539 3683 663 3771 absque
683 3682 784 3750 dubio
804 3683 894 3771 quod
912 3684 1111 3774 proposuisti
1126 3686 1293 3773 reperies.''

258 4040 508 4113 Oourmufflo.
552 4046 604 4115 Dc
626 4066 663 4115 eo
685 4046 776 4134 quod
797 4046 865 4115 Det
888 4044 1006 4134 fultus
1035 4046 1171 4120 occidte
1193 4044 1305 4135 Offocn

636 4148 735 4217 adiro
761 4149 925 4239 disponit.

303 4336 456 4405 Lumen
492 4338 596 4427 igitur
633 4340 761 4407 iuvenis
792 4336 962 4425 gloriosus,
1008 4339 1100 4406 cuius
1137 4360 1229 4407 mens
1265 4306 1475 4441 inffiff‘i

260 4440 391 4509 Christo
419 4442 560 4509 tundata
588 4448 668 4526 eret,
699 4442 896 4510 consulentis
925 4440 991 4509 viri
1012 4442 1115 4511 verba
1136 4444 1302 4527 sustinuit,
1316 4442 1440 4573 {2⁰1⁸on
1442 4524 1474 4575 ey

1317 4574 1435 4628 toOffs's

1319 4649 1398 4695 coare

295 4745 465 4816 ussurus]
478 4748 621 4814 sinuntur,
629 4749 686 4805 ns.
844 4751 1124 4823 ’paeaJposrans

294 4826 429 4896 varan]
442 4829 554 4894 reaia,
565 4830 621 4883 ns
