3542 5800
458 916 505 967 na
526 915 642 966 oasrrs
665 912 787 967 usuum
810 910 995 964 anon-rr.
1020 898 1072 967 70.
1144 862 1147 866 ¹
1231 899 1295 967 333

1310 1146 1376 1199 Nor.
1388 1152 1428 1198 20.

1310 1214 1400 1265 Sarius
1411 1214 1466 1265 vu.

263 1306 514 1375 eororamrro.
561 1308 610 1375 Dc
634 1330 739 1377 consu
762 1309 931 1394 cutrtyrit
954 1310 1066 1377 scant
1088 1310 1281 1378 Edmoodc’.
1310 1282 1423 1399 ῗξ“ἷζ5

1310 1414 1467 1479 Ropweud.

291 1526 461 1607 Quosdam
484 1526 520 1591 in
551 1527 723 1592 Danorum
746 1527 975 1614 persequtioue
997 1526 1158 1615 gloriosus
1181 1549 1240 1593 rex
1262 1482 1450 1599 afflat.

246 1635 375 1715 martyr
413 1629 608 1695 Edmundus
653 1630 773 1717 gladiis
811 1630 1019 1695 inimicorum
1066 1631 1220 1717 Hinguar
1264 1636 1299 1696 et
1310 1615 1378 1665 Ml·
1391 1619 1447 1668 ⁸⁷⁰·

247 1732 381 1798 Hubbm
414 1730 554 1797 fratrum
589 1732 782 1797 interfectus
815 1732 977 1813 occubuit,
1001 1732 1140 1820 dignum
1163 1737 1214 1797 est
1236 1732 1299 1797 hoc
1311 1680 1469 1807 giiiiloiim.

246 1835 281 1900 ia
313 1835 385 1900 loco
407 1832 527 1900 referre
560 1835 649 1901 tanti
680 1857 811 1901 causam
843 1836 998 1923 martyrii
1031 1842 1066 1901 et
1088 1837 1178 1901 unde
1201 1836 1299 1901 duces
1311 1813 1446 1935 gffid

246 1936 397 2025 praedicti
435 1938 635 2003 occasionem
673 1938 764 2004 nacti
802 1938 928 2003 fuerint
965 1960 1075 2027 regem
1113 1938 1297 2025 piissimum
1310 1949 1409 1999 manat

245 2062 324 2105 nece
355 2040 438 2105 adeo
468 2039 693 2107 crudelissime.
730 2040 956 2107 condemnare
1019 2042 1103 2105 Erat
1124 2039 1230 2127 igitur
1260 2016 1472 2106 inmm-

247 2143 363 2209 diebus
394 2165 462 2209 non
493 2144 592 2231 longe
625 2144 803 2231 praeteritis
835 2144 870 2210 in
899 2166 1002 2232 regno
1039 2142 1212 2209 Danomm
1245 2106 1454 2224 ruffilli?

247 2246 382 2332 quidum
420 2246 461 2313 de
506 2248 609 2335 stirpe
666 2248 757 2333 regis
801 2246 891 2311 illius
944 2247 1053 2333 gentis
1098 2248 1301 2334 progenitus,
1314 2240 1472 2291 enecatam

248 2350 380 2415 numius
426 2348 656 2416 Lothebroous.
741 2348 807 2416 Hic
840 2372 914 2415 cum
949 2348 1043 2415 (luos'
1063 2350 1158 2429 filios,
1195 2308 1440 2436 Hingiffius,

249 2474 320 2517 war
353 2451 476 2519 scilieet
521 2458 556 2519 et
590 2452 757 2529 Hubbam
798 2474 840 2517 ex
878 2474 983 2518 uxore
1013 2453 1191 2539 genuisset,
1225 2476 1304 2540 quu-

250 2555 326 2619 dam
361 2555 414 2620 die
447 2576 521 2620 oum
554 2555 710 2643 accipitre
742 2556 831 2621 solus
862 2555 998 2621 brevem
1030 2556 1220 2621 naviculam
1253 2556 1306 2620 in·
1402 2579 1405 2585 ’

249 2680 387 2744 gressus,
411 2662 451 2723 ut
488 2660 524 2723 in
561 2658 678 2723 insulis
717 2660 958 2747 [aucuparetur,
998 2658 1047 2743 in]
1086 2658 1186 2725 maris
1230 2659 1306 2724 lati-

250 2761 402 2825 tudinem
453 2766 568 2847 raptus
606 2761 721 2826 diebus
756 2760 883 2847 aliquot
939 2782 1013 2825 cum
1050 2761 1204 2826 noctibus
1241 2762 1306 2827 huc

250 2862 392 2950 illucque
432 2863 577 2930 deiectus
614 2864 762 2952 graviter
799 2862 994 2929 vexabatur.
1068 2861 1133 2944 Qui
1171 2862 1305 2928 tandem

251 2968 351 3032 muris
382 2966 527 3054 periculo
549 2989 729 3054 perpessus,
753 2967 790 3031 in
816 2966 974 3052 Angliam
996 2965 1161 3052 proiectus
1199 2971 1306 3030 estet

251 3069 287 3132 in
310 3069 481 3154 provincia
506 3067 726 3134 Orientalium
742 3069 935 3156 Anglorum,
961 3090 1035 3155 qum
1058 3067 1243 3134 Northfolk
1265 3069 1308 3133 ab

253 3169 368 3236 incolis
403 3172 536 3249 dicitur,
570 3173 659 3258 apud
694 3171 843 3236 Bedham
877 3171 995 3235 villam
1027 3170 1194 3258 applicuit.
1242 3171 1306 3251 Qui

253 3271 339 3338 forte
372 3273 415 3340 ab
447 3273 638 3340 hominibus
670 3273 815 3362 regionis
846 3295 921 3338 cum
951 3272 1108 3361 accipitre
1139 3274 1225 3338 solus
1259 3273 1309 3338 ia-

252 3379 374 3440 ventus
406 3376 476 3462 regi
501 3374 736 3461 Estanglorum
760 3374 939 3440 Edmundo
964 3397 1023 3463 pro
1046 3375 1204 3440 miraculo
1227 3399 1308 3462 prte-

254 3482 416 3558 sentatur,
453 3483 487 3544 et
518 3479 561 3544 ab
591 3477 663 3564 ipso
685 3499 761 3564 rege
784 3483 919 3566 propter
941 3479 1219 3564 elegantissimam
1242 3501 1309 3543 eor-

253 3581 341 3666 poris
365 3579 503 3646 formam
526 3602 601 3646 oum
623 3579 747 3645 honore
770 3585 919 3667 receptus
941 3581 1145 3667 aliquamdiu
1168 3582 1310 3647 incuria

255 3683 324 3748 eius
347 3683 514 3748 remansit.
561 3682 606 3748 Et
629 3683 785 3769 quoniam
801 3683 916 3769 lingua
931 3683 1101 3748 Danomm
1117 3684 1310 3771 Anglicame

254 3785 392 3870 loquelae
425 3786 535 3850 vicina
573 3789 633 3866 est,
673 3785 898 3852 Lothebroous
933 3786 1003 3870 regi
1037 3807 1169 3851 narrare
1200 3787 1309 3871 eupit,

256 3909 322 3974 quo
354 3909 431 3952 casu
466 3888 503 3952 in
536 3887 693 3976 Angliam
726 3889 889 3974 proiectus
921 3887 1048 3954 fuisset.
1109 3887 1311 3953 Placuerunt

255 3990 368 4076 itaque
392 3990 597 4056 Lothebroco
620 3991 656 4054 in
679 4011 755 4078 rege
779 3990 957 4056 Edmundo
987 4010 1115 4055 morum
1138 3991 1310 4078 plenitudo

257 4099 291 4160 et
314 4093 443 4160 milities
476 4092 650 4180 disciplina
672 4115 772 4180 quam
799 4093 987 4180 plurimum,
1012 4093 1110 4159 simul
1142 4099 1176 4159 ct
1205 4094 1310 4160 curiu-

256 4195 335 4260 litas
358 4196 542 4261 astantium
565 4195 801 4274 ministrorum,
834 4218 916 4283 quos
947 4197 1066 4283 regalis
1088 4196 1254 4262 industria
1276 4197 1311 4262 in

257 4299 346 4362 omni
384 4319 493 4363 rerum
530 4302 651 4363 ornatu
689 4303 723 4362 et
761 4297 926 4364 schemate
963 4299 1138 4364 vorborum
1172 4299 1312 4386 pleniter

257 4399 458 4466 informavit.
505 4401 560 4464 Ad
583 4400 670 4465 huuc
693 4422 822 4486 quoque
846 4400 1071 4467 Lothcbrocus
1094 4423 1223 4467 morum
1245 4401 1310 4465 dis-

257 4503 412 4589 ciplinam
435 4509 634 4590 provocatus
657 4503 797 4589 rogabat
826 4525 937 4590 regem
961 4504 1155 4591 propensius
1178 4510 1217 4569 ut
1247 4503 1309 4568 sibi

257 4605 370 4671 liceret
396 4607 431 4670 in
455 4607 524 4671 eius
547 4607 638 4672 ouria
661 4606 831 4684 demorari,
857 4611 897 4670 ut
923 4606 1024 4692 regiis
1044 4610 1155 4692 posset
1180 4605 1309 4692 plenius

257 4707 378 4774 instrui
401 4707 591 4794 disciplinis.
639 4707 786 4794 Curasque
809 4730 867 4772 rex
897 4707 1092 4772 Edmuudus
1115 4707 1308 4794 petitionem

258 4812 328 4880 eius
351 4809 528 4877 clementer
551 4811 746 4890 exaudisset,
771 4810 883 4875 iunxit
905 4832 939 4875 se
964 4809 1188 4876 Lothebroeus
1210 4831 1308 4877 veus-
