3542 5800
457 874 521 938 134
725 886 790 935 nro.
814 886 862 934 nn
883 884 1015 936 ornans
1039 884 1127 935 sese.
1150 884 1238 935 mss.

453 1070 610 1159 magum¹
637 1070 842 1138 interficeret
889 1071 1017 1137 Deinde
1039 1070 1185 1159 perrexit
1206 1071 1399 1151 Eboracum,
1430 1092 1508 1137 nam

454 1180 534 1241 tunc
558 1172 718 1239 Edwinus
747 1174 795 1239 ibi
823 1174 986 1239 manebat
1034 1173 1085 1239 Ut
1107 1174 1210 1261 igitur
1231 1172 1323 1239 illam
1344 1174 1508 1261 ingressus

455 1282 514 1356 est,
552 1276 727 1341 associavit
758 1299 793 1342 se
825 1276 1032 1363 pauperibus,
1057 1276 1115 1363 qui
1146 1280 1224 1342 ante
1255 1276 1390 1341 ianuam
1421 1277 1507 1363 regis

455 1380 693 1465 eleemosynam
707 1380 934 1466 expectabant
981 1380 1090 1445 Eunte
1108 1384 1220 1445 autem
1235 1400 1273 1445 eo
1289 1384 1323 1445 et
1337 1380 1504 1460 redeunte,

455 1504 583 1569 egressa
604 1486 655 1547 ast
679 1504 770 1547 soror
787 1482 857 1547 eius
871 1502 915 1547 ex
929 1480 1005 1547 aula
1019 1482 1141 1547 habens
1156 1482 1279 1569 pelium
1293 1482 1330 1547 in
1344 1482 1505 1560 manibus,

453 1590 494 1651 ut
517 1605 638 1671 aquam
662 1584 785 1671 reginae
811 1588 1001 1671 asportaret.
1049 1584 1145 1649 lllsm
1168 1590 1321 1671 rapuerat
1347 1584 1506 1649 Edv'vinus

454 1710 497 1755 ex
523 1688 605 1753 urbe
634 1687 906 1774 Gorgonensium,
938 1685 1018 1752 dum
1044 1692 1119 1773 post
1146 1687 1261 1773 fugam
1288 1686 1508 1754 Oadwallonis

454 1812 513 1879 per
537 1790 721 1877 provincias
748 1789 923 1854 Bn‘tonum
953 1788 1131 1855 desaeviret
1179 1788 1264 1854 (lum
1293 1790 1407 1875 itaque
1429 1794 1506 1855 ante

455 1893 615 1959 Brianum
638 1892 830 1979 praeteriret,
846 1891 984 1978 agnovit
999 1913 1072 1956 eam
1087 1891 1251 1969 continuo,
1275 1898 1310 1957 at
1331 1892 1368 1957 in
1389 1890 1506 1958 fletum

454 1998 581 2063 solutus
612 1992 774 2061 demissa'
795 2014 874 2058 voce
897 2015 969 2059 eam
998 1994 1139 2059 vocavit.
1184 1993 1240 2059 Ad
1269 2016 1383 2060 vocem
1404 1995 1507 2081 igitur

454 2100 543 2164 illius
568 2098 678 2186 puella
706 2096 822 2162 faeiem
846 2100 987 2177 vertens,
1020 2095 1187 2161 dubitavit
1210 2096 1316 2182 primo
1339 2097 1413 2182 quis
1437 2097 1506 2183 ipse

455 2204 547 2267 esset
607 2200 656 2264 Aa
684 2204 725 2265 ut
750 2197 901 2285 propius⁸
922 2198 1063 2277 messit,
1089 2199 1203 2285 agnito
1226 2198 1327 2265 fratre
1353 2221 1447 2285 paene
1470 2200 1506 2265 in

455 2302 563 2369 extasi
592 2302 733 2388 collapsa
758 2306 817 2379 ast,
847 2300 969 2366 timens
1001 2322 1044 2365 ne
1073 2301 1183 2387 aliquo
1209 2300 1391 2368 infortunio
1419 2302 1506 2369 noti·

453 2408 572 2471 ficatus
600 2404 644 2468 ab
672 2402 821 2469 hostibus
847 2408 1023 2489 caperetur.
1079 2403 1274 2489 Postpositis
1297 2426 1374 2491 ergo
1404 2405 1505 2471 oculis

454 2507 615 2574 indicavit
643 2505 789 2571 breviter
809 2506 906 2571 fratri
942 2510 1068 2571 statum
1098 2504 1205 2581 mariae,
1241 2508 1276 2571 et
1304 2507 1504 2593 astrologum

454 2634 552 2699 quem
575 2609 751 2695 quaerebat,
775 2609 834 2695 qui
861 2608 948 2675 forto
977 2608 1065 2673 inter
1086 2629 1242 2695 pauperes
1264 2608 1505 2688 deambulabat,

454 2715 533 2780 dum
560 2715 765 2798 eleemosyna
787 2712 910 2775 eisdem
935 2710 1194 2777 distribueretur.
1240 2710 1343 2777 Porro
1365 2711 1506 2777 Brianus

453 2816 607 2906 proecepit
633 2814 735 2880 sorori
758 2834 826 2879 suae
856 2814 1008 2900 sequenti
1029 2816 1125 2878 nocte
1148 2835 1190 2878 ex
1212 2812 1366 2879 thalamis
1388 2814 1504 2880 furtim

453 2919 572 3008 egredi,
611 2923 647 2984 et
682 2918 726 2983 ad
758 2939 793 2983 se
822 2922 919 2982 extra
947 2915 1063 2982 urbem
1092 2917 1189 2981 iuxta
1218 2917 1383 3002 quoddam
1408 2923 1507 2984 vetus

452 3024 615 3110 templum
644 3021 763 3086 venire.
809 3019 938 3084 Deinde
967 3017 1147 3084 intromisit
1183 3040 1217 3083 se
1250 3018 1337 3084 infra
1373 3020 1506 3086 turbam

453 3147 634 3214 pauperum
663 3124 700 3189 in
726 3128 819 3210 parte
849 3121 915 3200 illa,
946 3120 1005 3186 ubi
1036 3120 1173 3186 Pellitus
1207 3121 1389 3208 astrologus
1418 3123 1506 3210 ipsos

453 3229 638 3295 collocabat
699 3225 734 3289 N
735 3247 772 3292 ec
818 3246 931 3288 mora:
987 3245 1062 3290 cum
1114 3222 1243 3289 aditum
1302 3224 1506 3311 percutiendi

451 3331 629 3407 habuisset,
669 3327 777 3393 erexit
810 3325 1002 3404 burdonem,
1035 3325 1212 3410 infixitque
1250 3324 1406 3392 Pellitum
1443 3328 1505 3394 sub

450 3439 590 3519 pectore,
630 3435 731 3516 atque
765 3429 880 3494 eodem
919 3430 989 3495 ictu
1019 3428 1193 3494 interfecit
1250 3429 1332 3494 Mox
1361 3430 1505 3517 proiecto

451 3533 568 3600 baculo
582 3531 715 3597 delituit
734 3532 822 3596 inter
843 3537 975 3612 ceteros,
999 3537 1033 3596 et
1054 3530 1191 3617 praefata
1212 3531 1353 3597 latibula
1373 3531 1505 3600 favente

454 3637 527 3702 Deo
556 3633 687 3722 petivit
748 3633 797 3698 At
826 3655 918 3698 soror
948 3634 1019 3700 eius
1048 3639 1144 3699 nocte
1174 3634 1319 3700 instante
1356 3636 1504 3721 pluribus

454 3739 559 3806 modis
582 3741 700 3803 conata
723 3741 774 3801 est
799 3736 918 3823 egredi,
942 3757 1002 3802 nec
1032 3735 1146 3814 valuit,
1171 3736 1250 3821 quia
1280 3735 1440 3804 Edvvinus
1463 3740 1505 3806 ob

454 3864 567 3909 necem
593 3839 705 3905 Pelliti
730 3837 886 3925 astrologi
917 3837 1096 3903 exterritus
1120 3837 1237 3925 vigiles
1267 3839 1353 3905 circa
1381 3841 1504 3907 curiam

453 3949 613 4034 posuerat,
645 3943 704 4029 qui
737 3963 875 4028 quaeque
905 3941 1021 4006 abdita
1051 3941 1259 4026 explorantes
1285 3963 1449 4028 egressum
1475 3945 1507 4010 ei

453 4047 670 4135 abnegabant
717 4045 867 4130 Orrmque
898 4043 934 4107 id
963 4042 1173 4128 comperisset
1201 4041 1349 4122 Brianus,
1373 4045 1506 4112 recessit

455 4171 498 4215 ex
521 4150 592 4214 loco
613 4148 679 4226 illo,
703 4147 832 4233 ivitque
856 4143 1031 4224 Exomam,
1055 4143 1114 4210 ubi
1145 4145 1330 4211 convocatis
1361 4146 1507 4214 Bn'toni-

298 4262 365 4342 'run
387 4278 425 4312 or·
454 4251 517 4316 bus
546 4272 586 4314 ea
613 4271 688 4334 quaa
711 4249 831 4314 fecerat
861 4247 1055 4314 notificavit.
1101 4245 1215 4314 Missis
1237 4269 1314 4334 ergo
1345 4249 1389 4314 ad
1421 4250 1506 4317 Gad-

312 4412 328 4446 x
368 4411 389 4448 r.
455 4349 640 4421 wallonem⁴
667 4352 786 4439 legatis
814 4351 961 4418 munivit
989 4351 1104 4417 urbem
1134 4351 1231 4428 illam,
1270 4352 1507 4441 mandavitque

477 4541 669 4549 ..-...--——-
691 4541 809 4546 --—-—
828 4541 860 4547 .—

487 4655 494 4686 ¹
506 4653 648 4719 aauolcqmn
659 4651 709 4702 aloc
720 4652 826 4721 tanqam]
847 4655 902 4704 siue
915 4669 955 4706 as·
1038 4657 1048 4684 ¹
1055 4653 1173 4720 propius]
1185 4651 1307 4718 proprius,
1320 4653 1376 4706 ΜΒ.

453 4737 698 4800 ποὶοςιιπιιιιιςυυ,
710 4733 767 4784 MS.
1038 4731 1245 4800 massanus]
1256 4733 1507 4798 Cremonensis

485 4817 496 4849 ²
506 4813 622 4880 deuiam]
634 4812 743 4875 dimine,
754 4811 810 4864 MS.
