3542 5800
405 842 471 907 120
670 854 736 905 rue
759 854 807 905 nn
829 854 962 905 munuc
986 854 1075 905 erm.
1097 854 1183 905 mer.

403 1042 580 1108 studiosius
619 1043 656 1108 in
696 1064 735 1108 eo
775 1042 868 1109 cultu
906 1042 1083 1107 veritatem
1123 1039 1319 1129 quarem,
1357 1045 1453 1105 tanto

404 1144 514 1209 minus
554 1144 774 1211 inveniebam.
847 1144 946 1211 Nunc
985 1150 1098 1210 autem
1137 1148 1249 1231 aperte
1288 1143 1451 1231 profiteor,

404 1246 483 1331 quia
499 1247 536 1312 in
554 1246 616 1312 hac
633 1246 865 1334 praedicatione
890 1245 1024 1313 veritas¹
1051 1247 1152 1313 claret
1177 1246 1244 1327 illo,
1260 1268 1335 1334 quse
1359 1244 1456 1311 nobis

402 1348 492 1427 vitae,
519 1349 635 1414 salutis
668 1354 704 1415 et
734 1348 951 1415 beatitudinis
982 1355 1116 1415 aeternae
1149 1348 1236 1413 dona
1269 1348 1361 1414 valet
1393 1346 1453 1413 tri·

401 1449 509 1515 buera
554 1450 654 1516 Unde
687 1474 834 1539 suggero,
857 1474 925 1529 rex,
949 1456 989 1518 ut
1016 1450 1140 1538 templa
1173 1455 1208 1517 et
1239 1448 1358 1515 altaria
1378 1470 1452 1535 quas

402 1552 472 1617 sine
494 1552 605 1618 fructu
636 1554 794 1620 utilitatis
826 1555 1028 1619 sacravimus
1060 1553 1149 1619 ocius
1182 1551 1387 1618 anathemati
1419 1557 1455 1616 et

402 1655 473 1741 igni
506 1656 764 1723 contradamus''
809 1656 900 1737 Quid
930 1656 1047 1743 plural
1084 1654 1228 1743 praebuit
1256 1675 1316 1720 rex
1345 1654 1454 1741 palam

401 1752 591 1823 assensum
613 1758 863 1847 evangelizandi
907 1757 1006 1824 beato
1044 1758 1191 1839 Paulino,
1219 1756 1267 1824 et¹
1292 1756 1454 1822 abrenun-

402 1860 488 1925 tiata
523 1860 686 1941 idolatria,
718 1861 818 1927 fidem
855 1882 890 1926 se
932 1854 1056 1927 Christi
1093 1852 1255 1946 suscipere
1291 1858 1455 1925 confessus

402 1969 460 2029 est
506 1962 656 2050 Cumque
692 1962 726 2029 α’
750 1962 888 2051 praefato
926 1962 1081 2049 pontifice
1119 1982 1284 2027 sacrorum
1321 1982 1454 2027 suorum

402 2071 572 2151 quaereret,
612 2066 687 2152 quis
733 2087 806 2131 aras
843 2070 878 2131 et
916 2064 995 2130 fana
1032 2064 1193 2130 idolorum
1231 2086 1305 2130 cum
1343 2062 1455 2149 saeptis

403 2168 524 2252 quibus
564 2172 661 2232 erant
697 2167 901 2233 circumdata
936 2166 1063 2253 primus
1094 2162 1266 2254 profanare
1303 2164 1455 2243 deberet;

402 2268 457 2333 ille
487 2270 673 2355 respondit:
715 2277 733 2304 “
745 2269 824 2356 Ego.
858 2268 941 2350 Quis
972 2269 1060 2334 enim
1082 2290 1156 2356 quae
1187 2290 1245 2356 per
1277 2268 1454 2333 stultitiam

402 2370 497 2447 colui,
520 2392 608 2435 nunc
630 2371 674 2435 ad
705 2371 894 2458 exemplum
928 2371 1076 2437 omnium
1110 2370 1221 2458 aptius
1254 2392 1354 2455 quam
1385 2370 1455 2455 ipse

403 2472 569 2537 destruam
590 2494 651 2558 per
677 2472 874 2559 sapientiam
902 2472 985 2537 mihi
1007 2495 1028 2538 a
1051 2472 1122 2538 Deo
1145 2494 1223 2538 vero
1247 2468 1455 2538 donataml''

403 2574 590 2660 Statimque
616 2574 745 2640 abiecta
766 2576 1007 2661 ‘superstitione
1029 2574 1196 2653 vanitatis
1232 2574 1362 2661 rogavit
1391 2576 1456 2643 sibi

401 2698 512 2764 regem
535 2698 628 2741 arma
660 2678 737 2742 dare
770 2684 805 2743 et
838 2700 959 2763 equum
983 2677 1195 2755 emissarium,
1219 2698 1318 2763 quem
1347 2700 1457 2744 ascen-

344 2824 348 2831 ·
403 2779 484 2845 dens
507 2778 551 2844 ad
575 2780 664 2845 idola
688 2779 886 2845 destruenda
909 2778 1045 2847 veniret
1104 2778 1183 2844 Non
1205 2779 1294 2845 enim
1318 2779 1456 2847 licuerat

402 2882 591 2971 pontificem
613 2905 776 2949 sacrorum
799 2882 854 2948 vel
876 2905 968 2948 anna
990 2880 1082 2962 ferre,
1098 2882 1152 2947 vel
1173 2886 1293 2970 praeter
1315 2882 1351 2948 in
1373 2907 1457 2971 equa

403 2987 558 3073 equitare.
603 2985 779 3051 Accinctus
819 3007 897 3072 ergo
938 2985 1049 3072 gladio
1078 2986 1203 3072 accepit
1236 2985 1384 3052 lanceam
1421 2988 1456 3052 in

403 3111 512 3166 manu,
551 3095 586 3154 et
622 3089 798 3154 ascendens
835 3087 1040 3154 emissarium
1087 3088 1174 3175 regis
1221 3089 1379 3176 pergebat
1414 3090 1457 3156 ad

403 3191 498 3257 idola
545 3189 643 3270 Quod
674 3191 832 3277 aspiciens
865 3190 994 3277 vulgus,
1033 3189 1220 3256 aestimabat
1257 3213 1334 3256 cum
1371 3191 1458 3258 insa·

402 3293 481 3359 nire.
527 3292 599 3357 Nec
630 3292 761 3358 distulit
789 3292 854 3372 ille,
881 3313 961 3357 mox
987 3297 1027 3358 ut
1056 3292 1228 3380 propiabat
1258 3293 1301 3358 ad
1333 3293 1455 3372 fanum,

403 3393 575 3481 profanare
612 3393 704 3474 illud,
727 3395 848 3460 iniecta
877 3395 915 3459 in
944 3415 983 3460 eo
1012 3393 1126 3460 lancea
1162 3417 1261 3480 quom
1298 3397 1454 3464 tenebat:

403 3495 610 3579 multumque
633 3495 766 3581 gaviam
788 3497 829 3561 de
851 3497 1020 3584 agnitione
1041 3498 1113 3563 veri
1136 3497 1200 3563 Dei
1221 3497 1338 3578 cultus,
1362 3499 1458 3566 iussit

404 3597 499 3662 sociis
536 3597 703 3663 destruere
740 3619 778 3664 ac
813 3599 1006 3666 succendero
1042 3598 1157 3666 fanum
1194 3623 1268 3666 cum
1306 3603 1458 3668 omnibus

404 3699 517 3786 saeptis
553 3698 628 3764 suis
689 3699 884 3766 Ostenditur
930 3706 1042 3766 autem
1075 3701 1163 3766 locus
1199 3701 1256 3767 ille
1292 3703 1457 3790 quondam

405 3801 567 3870 idolorum
604 3823 671 3868 non
700 3802 796 3890 longe
825 3803 869 3867 ab
901 3802 1047 3869 Eboraco
1084 3804 1127 3869 ad
1164 3803 1330 3882 orientem,
1369 3807 1458 3872 ultra

405 3929 534 3973 ornnem
567 3905 843 3984 Dorvvencienem,
882 3911 918 3972 et
955 3912 1092 3972 vocatur
1128 3907 1225 3974 hodie
1255 3906 1459 3974 Gomundin-

405 4010 533 4096 gaham,
560 4009 620 4074 ubi
646 4007 797 4095 pontifex
820 4009 890 4094 ipse
916 4008 1098 4095 inspirante
1128 4009 1200 4076 Deo
1231 4031 1309 4076 vero
1339 4011 1458 4098 polluit

406 4135 445 4177 ac
468 4113 633 4178 destruxit
654 4134 709 4178 eas
732 4133 814 4198 quas
835 4111 906 4198 ipse
928 4118 1116 4178 sacraverat
1138 4133 1217 4178 aras

422 4301 712 4310 —----..—.—..
722 4303 797 4310 ,....—
811 4303 833 4308 -

439 4412 568 4478 werina]
582 4413 700 4472 veriam,
712 4413 768 4464 MS.
979 4413 1147 4482 'ajam

441 4493 452 4523 ²
470 4491 507 4558 el]
525 4507 573 4542 rex
592 4499 624 4554 et,
639 4490 694 4543 first
713 4491 793 4553 hand5
814 4501 839 4543 et
858 4506 913 4556 rex,

406 4572 498 4624 second
514 4569 589 4622 hand.
