3542 5800
459 850 525 917 304
714 865 781 918 ruo.
804 863 851 916 nn
873 865 1007 916 cranao.
1030 865 1120 917 seno.
1144 865 1233 916 nrsn

583 1373 833 1442 Courrnorno.
878 1373 929 1442 De
939 1373 1175 1461 peraequum
1190 1372 1381 1440 Dumana.

327 1477 354 1510 08
391 1495 398 1508 .

293 1527 429 1661 ἒξόῗα
505 1579 612 1643 Auno
647 1577 782 1644 Domini
824 1575 1097 1664 octingentesimo
1141 1575 1305 1644 tricesimo
1342 1577 1506 1644 exercitus

293 1689 362 1742 al).
375 1692 431 1737 ⁸³0·
461 1681 632 1746 Dnnorum
663 1692 865 1769 paganorum
897 1680 1148 1746 nefandissimus
1179 1679 1327 1745 sedeam
1357 1679 1397 1744 da
1421 1679 1506 1746 Her·

293 1780 416 1898 {mm
460 1805 555 1850 cenes
588 1788 623 1849 ct
659 1784 701 1848 de
738 1783 927 1869 Tynemuth
964 1781 1141 1848 crudeliter
1177 1781 1332 1870 spoliavit
1364 1786 1399 1847 ct
1431 1803 1507 1848 oum

296 1915 388 1966 Dm,
462 1886 575 1975 spoliis
597 1887 641 1952 ad
677 1907 778 1952 naves
814 1885 961 1952 recurrit
1029 1883 1155 1950 Eodem
1189 1907 1276 1950 anno
1298 1883 1507 1950 Alhmundus

461 1989 548 2055 filius
570 1988 704 2055 Alcredi
735 1989 821 2076 regis
850 2011 872 2054 a
902 1988 1070 2055 tutoribus
1103 1987 1284 2074 Bardulphi
1314 1988 1400 2076 regis
1422 1987 1509 2054 Nor·

296 2112 379 2163 nath
391 2112 421 2161 of
462 2092 691 2157 thumbrorum
712 2092 933 2180 apprehensus
955 2096 1015 2174 est,
1031 2092 1164 2178 eiusque
1186 2090 1330 2156 iussione
1350 2111 1424 2155 cum
1440 2091 1509 2156 suis

298 2179 438 2234 mmm·
463 2195 609 2283 profugis
630 2195 830 2262 interfectus

872 2618 953 2685 Cae.
977 2617 1098 2685 LXVI.

297 2845 376 2965 iffi,
674 2821 724 2890 Dc
746 2821 925 2909 Eptatqbto
954 2821 1206 2890 westsaxonum
1228 2843 1310 2907 rape.

295 2983 322 3115 ii]
336 2988 393 3099 iii'
512 3026 707 3093 Bnlnumco
742 3026 1001 3092 Occidentalium
1040 3024 1209 3091 Saxonum
1238 3048 1314 3113 rege
1351 3025 1514 3103 defuncto,

299 3142 401 3207 aubert
467 3130 669 3219 Egbrightus
691 3130 762 3195 sive
776 3128 949 3216 Egbertus,
975 3129 1060 3215 regis
1087 3129 1157 3195 Insa
1180 3129 1220 3195 de
1242 3129 1343 3195 fratre
1364 3128 1514 3217 Inegildo

298 3210 362 3291 ΨΒ
372 3210 403 3258 ⁰f
465 3236 616 3320 abnepos,
633 3233 742 3320 amplo
757 3232 845 3319 apud
866 3254 941 3297 suos
956 3232 1026 3297 loco
1041 3238 1139 3297 natus
1154 3238 1188 3298 et
1203 3234 1342 3319 ingenue
1357 3233 1514 3299 educatus

465 3360 486 3402 a
522 3338 665 3423 pueritia
702 3336 789 3400 inter
823 3334 1059 3402 westsaxones
1089 3336 1230 3404 emicant.
1299 3334 1515 3401 Continuatio

467 3440 631 3504 virtutum
661 3438 810 3504 incendit
838 3437 1009 3516 invidiam,
1041 3442 1076 3503 et
1105 3436 1207 3525 quod¹
1244 3436 1311 3504 fere
1344 3460 1365 3503 a
1394 3445 1515 3504 natura

466 3547 691 3628 comparatum
725 3545 775 3605 est
808 3539 873 3607 nt'
904 3562 996 3627 reges
1036 3539 1150 3627 iniquo
1181 3540 1306 3606 intuitu
1344 3540 1514 3627 aspiciant,

466 3644 577 3729 siquos
598 3644 634 3708 in
656 3664 747 3730 spem
768 3643 862 3728 regni
885 3642 1065 3708 adolescere
1088 3642 1235 3722 videant,
1258 3642 1448 3721 Brithricus,
1475 3649 1516 3710 ut

466 3746 659 3833 praedictum
690 3750 748 3825 ast,
772 3750 958 3832 suspectum
988 3744 1110 3810 habens
1140 3745 1359 3812 memorandae
1396 3746 1516 3811 indolis

467 3852 630 3927 iuvenem,
654 3870 672 3913 e
694 3848 803 3913 medio
824 3848 940 3913 tollere
963 3847 1139 3934 cogitabat.
1196 3846 1292 3928 Quod
1313 3848 1517 3935 Egbrightus

300 3948 378 3986 ⁰⁰¹¹·
469 3951 680 4039 praesentiens
710 3952 753 4016 ad
777 3950 887 4016 Offam
920 3972 1030 4036 regem
1065 3948 1263 4016 Marciorum
1292 3950 1371 4038 fuga
1407 3952 1518 4038 lapsus

469 4060 525 4121 aa
573 4054 678 4135 Quem
702 4054 782 4118 dnm
804 4052 859 4117 ille
882 4052 995 4117 sedula
1018 4053 1190 4139 diligentia
1210 4053 1427 4132 obumbraret,
1443 4076 1519 4119 con-

468 4158 577 4243 sequti
591 4162 670 4224 sunt
686 4155 842 4221 Brihtrici
863 4154 976 4221 nuntii
999 4153 1056 4241 qui
1071 4154 1241 4243 perfugam
1264 4156 1307 4222 ad
1322 4156 1518 4243 supplicium

469 4264 662 4346 repeterent,
694 4258 851 4325 habentes
889 4258 925 4322 in
954 4257 1106 4323 manibus
1142 4258 1331 4325 traditionis
1368 4259 1518 4346 pretium.

471 4360 656 4426 Accedebat
708 4362 797 4447 quod
848 4382 907 4425 suo
945 4360 1014 4447 regi
1044 4360 1122 4425 filiae
1166 4360 1269 4447 ipsius
1305 4361 1518 4447 postulabant

471 4464 611 4549 nuptias,
635 4467 674 4528 ut
696 4462 833 4550 genialis
855 4462 921 4528 tori
943 4461 1047 4527 foedus
1069 4468 1245 4549 perpetuas
1259 4464 1347 4529 inter
1369 4485 1422 4529 eos
1444 4484 1521 4529 con-

506 4761 600 4829 ¹quod]
614 4778 671 4829 qao,
682 4762 739 4814 MS.
986 4762 993 4831 Ι
1038 4762 1099 4830 ἰή]
1113 4762 1210 4826 etMS.
