3542 5800
457 812 501 879 10
664 876 667 881 ,
711 826 778 879 ma
807 824 854 874 nn
883 824 1016 877 crnauc.
1049 825 1135 875 eruc.
1167 826 1251 877 nur.

883 1078 964 1147 Onr.
988 1076 1081 1148 XVI.

289 1254 388 1306 ceu·
402 1260 424 1307 1
686 1238 737 1305 Dc
760 1237 855 1305 obitu
876 1236 965 1307 beuti
983 1258 1087 1329 pnpoe
1110 1236 1272 1325 Oreum-it.

289 1403 429 1454 11)(105·
503 1401 611 1472 Anno
641 1401 823 1472 Dominicoe
851 1402 1086 1475 incarnationis
1123 1402 1359 1472 sexcentesimo
1388 1403 1506 1489 quintu

288 1470 430 1602 Dffifi.
457 1505 573 1575 beatun
591 1528 676 1595 papa
698 1505 882 1593 Gregorim,
906 1508 1080 1593 postquam
1103 1505 1260 1573 Romana
1281 1506 1390 1573 sedem
1413 1527 1507 1590 apos-

289 1619 385 1734 80111
396 1670 426 1721 or
457 1610 565 1678 tolicae
594 1608 736 1679 eecleeiae
764 1609 938 1678 tresdecim
967 1630 1078 1687 annos,
1116 1629 1244 1677 mannen
1272 1628 1339 1685 sex,
1371 1612 1406 1673 et
1435 1607 1506 1673 diee

290 1685 391 1802 ingla
358 1737 415 1786 anu
457 1712 568 1779 decem
592 1711 822 1830 glerieeieeime
844 1711 941 1789 rexit,
967 1710 1140 1779 destructur
1162 1716 1213 1777 eet
1234 1716 1334 1795 atque
1355 1710 1398 1775 cd
1411 1714 1506 1777 aeter-

455 1838 534 1884 ncm
558 1814 653 1933 regni
675 1813 816 1881 coeleetie
839 1814 949 1881 eedem
974 1813 1159 1881 trcnralatue⁴
1215 1812 1320 1893 Quem
1345 1834 1404 1878 noe
1429 1833 1507 1877 con-

456 1919 559 1999 venit,
574 1918 653 2005 quia
667 1921 800 2005 gentem
814 1920 970 1992 nostram,
993 1916 1029 1985 id
1051 1920 1110 1995 eet,
1131 1914 1323 2001 anglorum,
1340 1914 1382 1979 de
1399 1918 1506 2001 poten-

456 2025 527 2089 tate
550 2019 706 2089 Sathanae
732 2020 776 2085 ad
800 2018 900 2085 fidem
924 2016 1048 2089 christi
1069 2038 1130 2085 ena
1151 2016 1314 2087 industria
1332 2017 1504 2093 convertit,

456 2123 494 2191 in
521 2128 634 2189 nostra
661 2120 799 2189 historia
827 2120 980 2189 laudibus
1014 2120 1151 2199 devotis,
1185 2126 1297 2191 mente
1322 2120 1379 2205 pia
1407 2117 1505 2205 glori-

456 2225 560 2291 fienra
617 2224 732 2311 Ipsum
755 2242 874 2310 nempe
893 2223 1013 2290 rectius
1036 2227 1071 2293 et
1093 2243 1161 2291 nou
1175 2220 1332 2291 indebite¹
1354 2226 1505 2290 ncetrum

457 2326 620 2413 appellare
642 2324 827 2411 possumne⁹
850 2330 885 2391 et
906 2325 1061 2395 debemur
1083 2325 1273 2412 apostolum
1321 2324 1409 2405 Quia
1432 2346 1506 2393 cum

457 2428 600 2516 primum
624 2432 658 2495 et
683 2448 849 2496 eunnmum
868 2428 905 2493 in
926 2431 997 2495 tote
1020 2427 1099 2495 orbe
1120 2433 1249 2515 gereret
1267 2428 1503 2514 pontificatum,

456 2535 491 2599 et
519 2530 682 2597 conversis
705 2530 773 2597 iam
799 2530 925 2599 dudum
948 2530 991 2597 ad
1016 2529 1116 2597 fidem
1137 2530 1289 2599 veritatis
1313 2534 1397 2599 esset
1423 2550 1506 2615 prae·

455 2632 544 2701 latus
572 2624 721 2711 ecclesiis,
750 2636 896 2701 nostram
925 2638 1058 2721 gentem
1087 2637 1221 2703 eatenus
1255 2632 1350 2699 idolis
1386 2632 1507 2701 manci-

455 2738 576 2821 patam,
604 2734 728 2805 Christi
753 2734 831 2803 fecit
856 2736 1030 2813 ecelesiam,
1047 2736 1097 2803 ita
1116 2741 1155 2806 ut
1177 2736 1389 2823 apostolicum
1410 2736 1505 2805 illum

456 2838 498 2904 de
523 2858 562 2904 eo
590 2836 688 2906 liceat
716 2838 812 2906 nobie
833 2838 979 2926 proferre
1000 2860 1182 2908 sermonem
1196 2838 1219 2908 :³
1243 2840 1321 2926 quic
1343 2841 1405 2910 eui
1429 2840 1504 2908 aliia

455 2961 523 3012 non
537 2943 588 3008 eet
600 2941 773 3028 apostolae,
790 2942 848 3009 sed
867 2945 980 3010 tamen
994 2942 1088 3012 nobie
1109 2947 1180 3024 eet;
1205 2965 1282 3014 num
1302 2944 1506 3032 signaculum

455 3043 659 3132 epoetolatue
680 3044 751 3112 eiua
772 3065 833 3110 noe
855 3065 969 3113 eumue
990 3043 1190 3114 inDomino.

288 3157 422 3211 uncini.
500 3147 585 3218 Erat
611 3151 723 3218 antem
751 3147 886 3214 natione
917 3147 1094 3226 Romanus,
1133 3169 1175 3217 ex
1204 3153 1297 3238 patre
1328 3147 1504 3229 Gordiano,

454 3270 558 3337 genus
583 3273 605 3320 a
629 3250 761 3336 proavia
789 3269 857 3318 nen
882 3249 989 3318 solum
1018 3249 1136 3328 nobile,
1167 3251 1225 3318 sed
1254 3255 1289 3318 et
1317 3253 1505 3340 religionum

454 3352 583 3420 ducem
628 3351 663 3418 N
664 3351 846 3420 obilitatem
867 3373 947 3420 vero
970 3373 1069 3438 quam
1091 3353 1135 3422 ad
1153 3354 1309 3422 emcrdum
1328 3355 1505 3424 videbatur

455 3453 583 3532 habere,
605 3455 711 3519 totam
730 3453 773 3518 ed
796 3453 1046 3524 nanciscendam
1069 3477 1218 3542 eupernae
1239 3458 1378 3546 gloriam
1399 3459 1505 3547 digni·

288 3559 329 3610 Η
337 3569 443 3612 entem
455 3555 536 3626 tatis
561 3553 687 3624 Divina
708 3553 817 3642 gratia
839 3555 1002 3644 largiente
1029 3560 1199 3626 convertit
1255 3559 1343 3628 Nam
1374 3567 1504 3630 mutato

329 3636 589 3744 'mmmmm
617 3656 736 3725 habitu
764 3659 921 3736 saeculari,
954 3659 1189 3728 mcumterinm
1223 3663 1374 3748 petiit
1364 3687 1401 3730 ru
1438 3687 1504 3750 quo

454 3764 560 3832 tantae
594 3759 801 3846 perfeetionis
836 3762 946 3849 gratia
982 3763 1082 3850 coepit
1119 3765 1314 3842 conversari,
1339 3771 1388 3843 ut,
1419 3767 1505 3836 nicut

454 3865 523 3951 ipse
537 3867 650 3951 postea
663 3861 773 3940 flendo
794 3864 978 3933 colebatat
962 3864 1101 3944 tteetari,
1117 3866 1228 3934 animo
1249 3867 1336 3934 illiue
1358 3868 1506 3936 labentia

454 3973 573 4034 crrncte
601 3967 816 4045 subtererant,
844 3971 885 4032 ut
913 3967 1011 4033 rebus
1041 3968 1194 4033 omnibus
1220 3992 1294 4055 quae
1322 3971 1504 4037 volvuntur

454 4071 620 4148 emineret,
658 4074 699 4135 ut
735 4069 826 4134 nulla
860 4068 926 4134 nini
963 4069 1108 4135 coelestia
1137 4072 1293 4158 cogitare
1313 4073 1438 4152 soleret,
1466 4079 1506 4140 ut

454 4172 556 4237 etiam
584 4173 733 4237 retentus
761 4171 910 4258 corpore,
933 4171 1004 4258 ipsu
1029 4172 1096 4237 iam
1125 4175 1230 4240 carnis
1260 4175 1401 4242 claustra
1429 4199 1505 4242 con·

454 4271 666 4358 templatione
695 4275 858 4351 transiret,
891 4278 930 4339 ut
959 4273 1113 4340 mertem⁴
1147 4297 1221 4366 quae
1254 4301 1346 4366 paene
1380 4282 1505 4348 cunctis

490 4573 496 4602 ¹
509 4569 745 4636 rectius—indebite]
773 4587 825 4622 uon
843 4572 952 4624 indebite
1036 4579 1045 4606 ³
1059 4583 1070 4626 l
1084 4577 1141 4628 Cer.
1154 4579 1189 4629 ix.
1202 4585 1225 4629 2.

455 4653 643 4703 redimetnon
655 4651 773 4712 indebite,
785 4653 840 4703 MS.
1036 4657 1163 4722 ‘nwrtemJ
1182 4666 1270 4721 morte,
1282 4659 1336 4712 MS.

487 4731 499 4762 ²
504 4731 645 4798 munnae]
658 4746 776 4795 ponimus
786 4732 835 4782 MS
