3542 5800
486 894 534 945 na
556 894 672 945 omrrs
694 894 816 945 anessa
838 894 1020 943 esen-11.
1044 878 1096 946 70.
1250 879 1315 941 383

270 1081 474 1147 aeternaliter
502 1081 773 1169 amplectandum,
807 1086 941 1167 arrepta
980 1080 1141 1145 novacula
1171 1078 1315 1167 [nasum]
1378 1062 1384 1075 ¹

271 1184 438 1271 proprium
453 1204 528 1249 cnm
542 1184 634 1249 labro
649 1184 806 1273 superiori
821 1183 995 1249 addentes
1008 1203 1112 1269 usque
1126 1182 1314 1269 praecidens,

271 1284 470 1351 horrendum
494 1285 535 1351 de
558 1308 593 1353 se
623 1286 841 1373 spectaculum
865 1284 1052 1351 astantibus
1076 1284 1220 1372 praebuit
1242 1284 1318 1349 uni·

270 1386 382 1453 versis.
427 1386 525 1468 Quod
546 1388 669 1455 factum
685 1388 894 1455 memorabile
916 1410 990 1455 eum
1013 1388 1223 1475 congregatio
1244 1392 1318 1453 tota

271 1489 388 1555 videns
411 1490 637 1569 admiraretur,
665 1490 766 1557 simili
796 1492 836 1557 de
860 1512 894 1557 aa
918 1512 1014 1578 opere
1039 1512 1061 1556 a
1083 1489 1222 1577 singulis
1245 1510 1317 1575 per-

271 1597 401 1678 petrato
423 1596 574 1658 materne
596 1596 675 1659 sunt
707 1593 848 1681 vestigia
881 1594 1050 1679 inseqntae.
1110 1591 1157 1658 Et
1187 1590 1240 1655 his
1269 1592 1319 1657 ita

271 1696 372 1781 gestis
401 1716 476 1760 oum
506 1717 602 1761 mane
639 1695 818 1761 erastinum
855 1692 1026 1776 illuxisset,
1059 1699 1318 1781 supervenerunt

270 1798 407 1882 tyranni
429 1797 630 1884 nequissimi,
653 1801 694 1863 ut
714 1798 852 1864 feminas
875 1804 1004 1864 saumae
1026 1801 1061 1863 et
1083 1798 1155 1863 Deo
1180 1797 1318 1862 devotas

270 1899 412 1965 ludibrio
438 1901 617 1979 traderent,
642 1900 741 1965 simul
765 1906 799 1967 et
828 1902 940 1988 ipsum
960 1900 1196 1967 monasterium
1220 1898 1317 1985 spoli-

271 2009 361 2066 atum
387 2002 519 2089 ignibus
545 2008 796 2069 concremarent
843 2003 910 2069 Sed
939 2002 1173 2090 conspicientes
1199 2002 1317 2067 abbat·

270 2105 368 2169 issam
389 2106 480 2169 illam
503 2111 538 2170 et
560 2104 706 2191 singulas
728 2126 852 2171 sorores
873 2110 945 2171 tam
958 2104 1136 2171 enormiter
1149 2104 1318 2169 mutilatas

272 2215 307 2272 et
333 2206 368 2271 in
393 2228 450 2273 suo
475 2207 634 2293 sanguine
658 2229 679 2271 a
703 2210 820 2295 plenta
843 2208 936 2294 pedis
957 2229 1062 2294 usque
1086 2207 1130 2273 ed
1158 2206 1315 2272 verticem

270 2308 457 2387 tabefactae,
488 2332 563 2375 cum
592 2310 801 2377 festinatione
823 2318 1025 2377 recesserunt
1055 2310 1095 2375 de
1125 2311 1204 2387 loco,
1237 2309 1316 2374 dum

270 2412 369 2476 nimis
386 2412 521 2499 longum
541 2411 605 2476 sibi
621 2412 791 2478 videretur
804 2412 859 2478 vel
877 2412 1003 2478 ibidem
1024 2412 1125 2479 etiam
1139 2434 1199 2500 per
1218 2411 1317 2477 breve

269 2514 427 2600 temporis
446 2513 590 2600 spatium
608 2514 780 2582 demorari.
827 2514 895 2582 Sed
916 2515 994 2581 inde
1014 2515 1200 2583 recedentes
1220 2514 1318 2580 duces

270 2616 419 2703 praedicti
454 2621 678 2704 praeeepsrunt
722 2618 789 2683 suis
834 2618 1037 2685 satellitibus
1080 2617 1240 2697 nefandis,
1278 2622 1318 2682 ut

270 2720 391 2787 iniecto
428 2719 505 2807 igne
541 2720 778 2785 monasterium
815 2742 890 2785 oum
927 2720 1079 2786 omnibus
1116 2718 1252 2785 officinis
1285 2724 1320 2785 et

271 2820 574 2888 sanctimonialibus
596 2828 847 2890 concremarent.
891 2822 1010 2910 Sisque
1025 2823 1218 2889 executione
1232 2844 1318 2887 com·

271 2927 360 3014 plata
381 2948 402 2991 a
424 2925 584 2992 ministris
610 2923 798 3011 iniquitatis
820 2931 936 2992 sanem
956 2925 1125 2990 abbatissa
1147 2929 1182 2990 et
1209 2946 1319 2990 omnes

271 3051 344 3096 eum
378 3027 437 3094 illa
470 3027 643 3116 [virgines]
675 3029 889 3096 sanctissime
920 3028 964 3094 ad
997 3027 1151 3114 martyrii
1176 3027 1315 3113 gloriam

270 3136 500 3220 pervenerunt

269 3381 517 3450 Oonrrnoarro.
562 3383 613 3451 De
634 3383 827 3450 maltorum
849 3381 1054 3450 <lactariam
1077 3380 1311 3448 coenobiorum.
1325 3340 1480 3460 effluens

315 3547 366 3614 Er
394 3549 444 3614 his
467 3549 517 3614 ita
542 3551 652 3638 gestis,
674 3549 924 3615 velificarerunt
950 3547 1099 3614 infideles
1124 3546 1314 3634 nequissimi
1325 3476 1442 3659 {dagis}
1523 3597 1527 3606 .

271 3671 329 3738 per
351 3652 450 3716 maris
472 3652 553 3718 litus
571 3673 710 3734 sursum,
726 3673 863 3739 quaeque
878 3651 943 3716 sibi
958 3650 1057 3716 obvia
1074 3651 1151 3738 igne
1174 3651 1315 3736 depopu-
1327 3618 1467 3745 nicalai-⁰⁶

271 3754 378 3820 lantes
401 3759 435 3820 et
456 3755 550 3821 ferro.
597 3755 639 3820 In
661 3754 722 3821 hac
744 3776 873 3841 quoqne
898 3753 1128 3841 persequtione
1157 3752 1380 3817 diabolieation
1393 3763 1422 3811 of

162 3927 168 3938 ‚
271 3857 437 3924 destructa
458 3857 645 3924 referrmtur
666 3857 871 3923 nobilissima
892 3855 1090 3922 monasteria
1110 3854 1147 3919 in
1169 3855 1316 3941 margine
1327 3845 1426 3948 ἓξὲξ

270 3960 370 4024 maris
395 3960 468 4042 sita,
493 3960 529 4025 id
556 3966 607 4026 est
633 3960 898 4025 Lindieiarnense
924 3958 1164 4034 monachorum,
1190 3958 1228 4022 in
1252 3978 1316 4043 quo

270 4062 362 4128 aedes
384 4066 465 4128 tunc
487 4066 558 4128 erat
580 4062 784 4142 cathedralis,
801 4082 898 4148 quam
922 4061 1039 4126 beatus
1058 4059 1198 4125 antistes
1214 4059 1316 4125 Cuth-

270 4163 382 4230 bertus
411 4187 503 4230 saera
529 4165 581 4230 sui
611 4165 752 4252 eorporis
777 4163 955 4252 praesentia
984 4162 1151 4228 decorarit
1163 4186 1172 4242 ;
1207 4161 1316 4248 Tyne-

269 4289 402 4334 muense
438 4268 756 4344 sanctimonialium
797 4265 946 4332 Gir-tense
976 4270 1012 4331 et
1047 4265 1317 4330 Weremuthensa

269 4371 510 4449 monachorum,
540 4372 578 4436 in
612 4371 731 4458 quibus
763 4373 895 4435 sanctus
929 4373 964 4434 et
994 4367 1192 4433 venerabilis
1225 4366 1316 4434 Beda

267 4474 440 4561 presbyter
464 4474 586 4563 legitur
610 4474 786 4555 educatus3
818 4471 1083 4538 Streneshalense
1104 4470 1315 4538 sanctimoni-

266 4577 377 4658 alium,
408 4577 497 4663 quod
526 4577 731 4644 sanctissima
760 4574 867 4641 Hilda
897 4573 1066 4640 abbatissa
1093 4573 1250 4641 fundavit
1279 4578 1314 4640 et

267 4681 389 4746 multas
422 4680 460 4745 in
491 4702 529 4746 eo
562 4679 708 4767 virginee
739 4678 959 4765 congregavit
1019 4677 1065 4742 Et
1102 4677 1148 4743 sic
1180 4677 1315 4743 nefandi

207 4831 214 4846 .
267 4783 364 4850 duces
401 4805 461 4871 per
497 4803 619 4871 pagum
656 4781 894 4848 Eboraeensem
939 4780 1119 4846 transitum
1159 4778 1316 4847 facientes
