3542 5800
479 927 526 975 os
548 925 663 976 oasrrs
686 927 807 976 aucun
829 925 1010 976 saon—11.
1035 911 1085 980 67.
1250 911 1314 974 315

270 1113 393 1198 placito
437 1113 618 1180 Godwinus
663 1119 744 1180 tunc
788 1114 890 1180 abbas
939 1115 1073 1180 beatum
1122 1113 1315 1180 Kenebnum

270 1216 415 1281 medium
438 1217 556 1282 intulit
577 1217 709 1284 iudicio.
754 1217 932 1284 Judiatur
953 1239 1031 1305 ergo
1053 1223 1092 1282 ut
1116 1217 1171 1282 ille
1194 1239 1318 1304 praepo·

271 1322 344 1384 tens
366 1341 441 1384 cum
467 1319 608 1406 triginta
634 1325 792 1406 quattuor
816 1321 952 1408 paribus
976 1319 1192 1408 optimatibus
1222 1341 1317 1386 suum

271 1421 323 1486 ius
345 1421 461 1508 probet
476 1429 683 1491 sacramento
698 1445 797 1512 super
811 1430 962 1490 sanctum
978 1423 1147 1510 praesentis
1163 1422 1317 1488 Kenelmi

272 1547 389 1612 corpus
417 1526 568 1594 iurando.
627 1527 777 1614 Cumque
807 1527 863 1594 ille
894 1527 930 1592 in
960 1527 1115 1594 abbatem
1145 1527 1319 1614 probrosus
1331 1544 1441 1596 Minore.

272 1633 315 1698 ad
337 1632 565 1699 iusiurandum
587 1655 656 1700 sese
671 1635 861 1721 proriperet,
877 1633 987 1700 subito
1003 1633 1091 1699 clara
1106 1633 1169 1698 Dei
1192 1633 1320 1700 virtute

271 1736 420 1822 repulsus
457 1737 668 1824 retrogradus
706 1737 871 1817 abscessit,
909 1741 943 1802 et
988 1735 1082 1822 quasi
1119 1739 1213 1803 vasto
1250 1735 1320 1802 ictu

273 1838 411 1903 obrutus
433 1839 571 1926 supinus
593 1839 746 1906 concidit.
794 1839 886 1906 'l'unc
920 1839 1027 1906 omnis
1056 1839 1112 1906 illc
1138 1845 1320 1906 conventus

274 1963 381 2006 corum
416 1963 506 2008 sacro
539 1941 660 2008 feretro
693 1942 787 2007 humi
817 1944 941 2007 affrrsus
974 1943 1106 2007 veniam
1143 1942 1318 2029 flagitavit,

273 2045 401 2130 ipsique
415 2067 507 2110 suam
529 2051 659 2132 partem
682 2047 913 2111 incunctanter
934 2045 1145 2112 adiudicavit.
1191 2045 1320 2110 Adver-

273 2147 378 2212 sarius
400 2169 479 2214 vero
501 2153 541 2213 ut
565 2171 678 2214 amous
692 2149 828 2214 domum
850 2149 1010 2215 deductus
1035 2171 1102 2214 non
1127 2150 1186 2215 diu
1208 2171 1319 2238 super-

271 2251 367 2331 vixit,
383 2255 418 2315 et
433 2252 491 2336 qui
506 2275 606 2316 unani
622 2253 730 2318 sancti
752 2251 1047 2338 possessiunculam
1063 2253 1176 2338 inique
1192 2255 1319 2319 auferre

273 2355 460 2442 temptavit,
483 2355 593 2419 omnia
614 2377 760 2442 possessa
781 2377 856 2422 cum
879 2355 998 2422 saeculo
1021 2357 1091 2422 iure
1113 2355 1264 2443 perdidit.

320 2639 324 2644 ’
425 2643 674 2712 Ooarrrusrro.
720 2647 809 2713 lant
824 2646 928 2714 artua
942 2645 1163 2714 minoratum.

320 2847 409 2915 Isau
450 2849 586 2937 quidam
625 2851 816 2918 notissimus
851 2853 984 2919 nomine
1025 2851 1214 2936 Godwinus,
1245 2875 1319 2921 oum
1332 2871 1449 2925 Another

275 2952 316 3017 dc
357 2953 491 3021 collecto
539 2976 637 3021 censu
679 2955 784 3043 plebis
829 2956 1088 3023 calumniaretur
1126 2958 1162 3024 iu
1199 2957 1319 3044 placito
1332 2940 1439 2993 mirare.

274 3056 467 3143 provinciali
506 3058 630 3137 habito,
671 3058 796 3125 iuravit
832 3082 892 3145 per
928 3066 1078 3126 sanctum
1125 3060 1320 3125 Kenelmum

272 3182 307 3225 se
337 3182 504 3246 nunquam
534 3162 611 3227 inde
640 3162 814 3247 quicquam
838 3164 893 3227 vel
916 3164 959 3227 ed
982 3168 1142 3249 quattuor
1171 3185 1322 3229 nummos

274 3262 500 3342 ‹lebaudusse3
543 3265 722 3351 statimque
765 3270 879 3331 mutus
919 3266 1025 3332 iactus
1062 3272 1189 3333 reatum
1227 3290 1322 3333 suum

274 3366 413 3433 tacendo
442 3368 595 3455 prodidit,
630 3390 727 3455 quem
757 3368 920 3455 loquendo
960 3370 1157 3451 defenderat,
1188 3376 1324 3457 totaque

274 3469 365 3555 plebs
389 3470 521 3537 silentio
547 3473 715 3559 cognitum
739 3472 960 3539 fraudatorem
991 3474 1156 3563 corripuit

674 3783 924 3851 Ooumaurrro.

321 3970 374 4037 Es
399 3976 596 4059 tempestate
629 3974 768 4041 iusserat
789 3998 832 4041 ex
854 3998 943 4043 more
975 3976 1122 4045 sacerdos
1148 3978 1184 4045 in
1214 3976 1321 4045 Pelin-
1333 3970 1452 4091 ἓξὲξ

277 4080 356 4141 tona
408 4077 529 4143 festum
585 4076 675 4143 beuti
732 4078 887 4145 Kenelmi
932 4080 1126 4148 intermissis
1171 4082 1321 4169 operibus
1436 4074 1443 4087 ’

276 4179 441 4245 celebrari
510 4180 606 4261 Quod
629 4204 703 4247 cum
730 4183 875 4249 audisset
898 4184 1005 4249 cidem
1029 4185 1119 4251 villae
1144 4188 1322 4273 praesidens

276 4287 434 4362 matrona,
473 4285 526 4349 uti
562 4285 773 4351 recumbebat
803 4287 846 4351 ad
880 4288 1054 4373 prandium
1088 4290 1124 4355 in
1161 4290 1231 4379 ipso
1269 4292 1323 4359 die

275 4385 366 4463 festo,
404 4388 509 4475 typho
565 4388 726 4475 superbiae
762 4389 930 4467 refirtovit,
970 4396 1068 4477 atque
1117 4394 1325 4481 indignantia

276 4490 380 4555 verba
424 4490 461 4555 in
507 4498 657 4559 sanctum
705 4494 849 4573 retorsit,
888 4516 947 4561 nec
995 4496 1170 4583 quicquam
1220 4502 1326 4586 operis

277 4601 454 4669 intermitti
484 4603 613 4669 tmnido
641 4604 729 4669 fastu
759 4604 944 4691 imperavit.
1007 4607 1101 4674 “Pro
1135 4608 1327 4691 Kenelmo‚”

278 4704 396 4790 inquit,
425 4706 651 4793 “nescioquo
676 4706 819 4774 fructum
849 4710 915 4774 diei
940 4711 1146 4797 perderemus
1161 4712 1203 4776 ?'’
1259 4714 1327 4781 Vix

280 4808 414 4894 eloquta
439 4812 522 4890 orat,
548 4814 584 4877 et
613 4811 745 4897 utrique
775 4812 861 4879 oculi
885 4834 983 4900 super
1011 4838 1156 4884 mensam
1185 4818 1329 4886 cecidero
