3542 5800
481 923 808 980 promereremur
829 923 1012 980 Aron-n
1036 915 1086 980 65.
1244 908 1309 982 297

266 1105 353 1171 milis
374 1127 482 1187 exoro,
514 1114 553 1175 ut
575 1115 610 1176 te
631 1110 702 1177 sine
722 1112 899 1178 offensione
921 1113 1022 1178 orrimi
1045 1111 1147 1178 vestri
1169 1111 1210 1176 do
1239 1133 1312 1199 pro·

266 1209 353 1274 fectu
375 1217 495 1289 nostro,
527 1217 567 1278 nt
595 1217 756 1300 optemus,
790 1214 889 1280 lieeet
921 1215 1052 1302 ulloqui,
1086 1214 1242 1300 quatinus
1276 1215 1312 1278 in

265 1313 425 1398 gremium
445 1336 500 1380 me
521 1315 654 1402 pietatis
676 1323 744 1384 tuse
766 1317 946 1404 tranquille
967 1339 1045 1405 pnoe
1078 1317 1244 1405 percipias,
1278 1323 1313 1382 et

265 1437 362 1500 quem
390 1418 582 1484 meritorum
613 1420 704 1485 nulle
729 1419 867 1487 monitus
898 1419 1004 1509 erigit,
1039 1419 1131 1508 lorge
1164 1420 1312 1486 benedie-

265 1517 366 1582 tionis
389 1525 459 1584 tuse
480 1520 613 1586 ubertus
635 1522 679 1588 ed
699 1522 830 1609 plebem
852 1545 946 1589 sunm
976 1523 1152 1610 regendam
1174 1521 1313 1611 loeuple-

265 1625 324 1696 tet,
341 1625 381 1685 ut
395 1643 463 1687 una
483 1645 611 1690 mecum
632 1630 765 1712 gentem
786 1648 886 1712 quem
909 1631 1019 1692 vestre
1040 1625 1218 1712 apostolice
1239 1647 1312 1691 euo-

265 1723 382 1789 toritus
396 1724 473 1789 fidei
494 1725 690 1792 rudimentis
711 1727 840 1806 imbuit,
863 1749 921 1815 per
936 1728 1197 1794 interoessionem
1219 1732 1312 1793 tunm

264 1832 379 1890 oontrn
399 1827 542 1914 impetus
563 1834 750 1894 exterorum
768 1830 985 1919 Omnipotens
1007 1831 1119 1918 eriget,
1143 1837 1177 1896 et
1199 1852 1256 1918 per
1278 1852 1313 1896 se

265 1950 411 2016 regnum,
435 1931 525 2016 quod
545 1931 614 2018 ipse
636 1931 727 1998 Deus
749 1932 843 1998 dedit
864 1932 967 2010 nobis,
993 1933 1129 1998 dilntnrs
1150 1932 1310 2020 dignetur.

266 2029 363 2096 Hune
395 2031 656 2100 benedictionem
679 2036 870 2120 omnesqui
893 2041 970 2103 ente
992 2057 1045 2102 me
1074 2042 1199 2124 seeptro
1230 2057 1312 2122 pne·

265 2131 354 2199 fuere
376 2134 572 2202 Memiorum
593 2142 782 2202 meruerunt
803 2137 847 2203 eb
868 2136 1125 2205 antecessoribus
1147 2138 1214 2204 tuis
1244 2137 1313 2204 adi-

266 2237 363 2322 pisoi;
399 2237 484 2303 hono
505 2239 576 2325 ipse
597 2239 732 2306 humilis
752 2247 831 2326 peto
853 2247 888 2306 et
909 2263 931 2306 e
952 2241 1055 2319 vobis,
1072 2241 1311 2321 osunotissimi,

265 2339 440 2425 impetrare
462 2341 564 2427 eupi0,
581 2341 738 2426 quatinus
758 2341 923 2430 inprimis
944 2343 1130 2431 adoptionis
1152 2349 1238 2411 sorte
1260 2367 1313 2410 me

265 2440 328 2505 tibi
349 2441 456 2508 tilium
477 2445 641 2530 suscipies,
673 2445 771 2511 eiouti
792 2450 827 2510 te
848 2445 885 2510 in
915 2446 1020 2533 petris
1050 2465 1189 2533 persone
1211 2447 1313 2533 diligo

264 2549 299 2608 et
326 2545 408 2610 totis
438 2545 632 2613 obedientie
653 2546 781 2614 viribus
810 2569 938 2635 semper
970 2549 1153 2636 amplector.
1210 2549 1313 2616 Deeet

265 2645 353 2711 enim
383 2647 470 2712 inter
506 2653 618 2714 tentus
648 2670 802 2736 personne
833 2649 914 2716 fides
946 2657 1060 2718 sonotn
1093 2651 1225 2730 servari,
1262 2653 1311 2718 iu-

264 2747 388 2814 violete
409 2749 526 2815 neritus
560 2751 725 2829 custodiri,
761 2751 840 2838 quie
872 2756 1011 2839 peteme
1033 2755 1138 2840 pietus
1169 2755 1312 2822 filiorum

264 2850 401 2919 felicitas
442 2853 478 2919 in
512 2852 584 2920 Deo
615 2875 683 2921 esse
726 2853 887 2921 medenda
925 2861 976 2923 est
1009 2856 1186 2923 seeundum
1228 2857 1313 2924 illud

265 2954 412 3022 Ezechiae
425 2954 446 3020 :¹
494 2956 612 3023 ‘Peter
632 2957 710 3023 tiliis
731 2964 845 3025 notem
875 2957 972 3025 seoiet
1002 2960 1176 3026 veritatem
1210 2965 1311 3040 tuem,

264 3057 421 3125 Domine'
465 3058 508 3124 In
529 3060 649 3146 quibus
663 3061 773 3127 verbis
793 3066 837 3139 te,
860 3062 1000 3127 amende
1020 3064 1157 3149 genitor,
1174 3063 1312 3150 imploro

263 3166 302 3227 ut
334 3161 404 3227 filio
434 3166 494 3227 tuo
530 3167 600 3227 tem
629 3164 658 3229 si
704 3162 840 3250 indigno
869 3163 1043 3230 veritatem
1079 3165 1215 3231 Domini
1246 3164 1312 3231 tuis

262 3264 371 3330 verbis
399 3267 611 3331 semoeenotis
641 3270 754 3333 notum
776 3266 880 3332 faeere
911 3288 977 3333 non
1004 3265 1150 3355 deneges,
1185 3274 1224 3335 ut
1254 3291 1313 3355 per

263 3372 356 3433 tuem
388 3390 503 3434 senem
537 3368 754 3435 eruditionem
784 3369 856 3436 Deo
887 3368 1066 3437 adiuvante
1095 3373 1139 3438 ed
1169 3372 1312 3437 melioris

262 3471 343 3537 vitre
363 3471 567 3558 propositum
596 3493 723 3539 merear
743 3473 923 3561 pervenire.
970 3473 1169 3554 Quinetiam,
1196 3475 1313 3542 duleis-

261 3574 349 3652 sime,
367 3596 442 3639 oum
464 3574 616 3641 omnibus
631 3575 789 3663 episeopis
808 3576 930 3642 nostris
945 3581 979 3643 et
993 3578 1210 3665 cuiuscunque
1226 3579 1313 3667 apud

261 3698 320 3741 noo
349 3675 524 3765 dignitatis
545 3698 683 3765 persone
704 3679 864 3766 deprecor,
895 3680 946 3745 uti
969 3680 1064 3748 nobis
1086 3682 1126 3747 de
1148 3682 1313 3749 multimo-

262 3777 313 3843 dis
345 3778 622 3865 inquisitionibus,
656 3802 753 3867 super
781 3780 855 3867 quis
884 3782 1064 3849 maximam
1095 3785 1313 3851 subtilitatem

263 3888 406 3948 vestram
429 3882 566 3970 dignum
597 3882 753 3949 duximus
785 3886 979 3971 perquirere,
1012 3886 1152 3973 benigne
1182 3910 1312 3974 respon·

262 3983 348 4063 dees,
383 4008 426 4050 ne
447 3990 635 4051 senotorum
656 3986 794 4053 traditio
825 3993 958 4073 petrum
980 3993 1014 4054 et
1036 3989 1079 4053 ab
1101 3988 1167 4055 illis
1188 3991 1313 4057 tradite

261 4087 356 4153 nobie
387 4088 502 4175 regule
532 4090 627 4174 quasi
660 4087 830 4177 incognite
859 4111 919 4177 per
951 4090 1077 4177 aliquid
1106 4092 1244 4159 vitietur
1277 4094 1312 4157 in

263 4190 377 4271 nobis3
410 4191 469 4257 sed
501 4212 607 4258 sermo
640 4196 719 4257 tuus
752 4192 894 4258 directus
925 4194 1020 4259 nobis
1053 4195 1089 4259 in
1119 4195 1256 4263 eeritete
1279 4204 1313 4262 et

262 4293 513 4359 mansuetudine
536 4294 657 4372 vemet,
691 4299 732 4359 ut
760 4316 819 4381 per
841 4294 906 4359 Dei
927 4295 1182 4364 miserioordinm
1204 4299 1314 4386 profu·

263 4398 373 4461 turum
405 4396 441 4461 in
474 4396 569 4462 nobis
605 4396 765 4483 pereipiat
798 4395 947 4463 fructum.
993 4398 1141 4467 Primum
1171 4422 1313 4490 nemque

263 4505 313 4566 eet
334 4499 424 4586 quod
444 4501 614 4587 pontifices
630 4500 735 4567 nostri
751 4522 791 4565 no
811 4500 1001 4587 peritissimi
1021 4502 1141 4590 quique
1161 4504 1198 4570 in
1218 4507 1314 4572 nobie

666 4860 721 4913 ¹1e
733 4861 844 4915 xxxviii.
860 4868 899 4918 1⁹.
