<?xml version="1.0" encoding="UTF-8"?>
<!DOCTYPE html PUBLIC "-//W3C//DTD XHTML 1.0 Transitional//EN"
    "http://www.w3.org/TR/xhtml1/DTD/xhtml1-transitional.dtd">
<html xmlns="http://www.w3.org/1999/xhtml" xml:lang="en" lang="en">
 <head>
  <title>
</title>
<meta http-equiv="Content-Type" content="text/html;charset=utf-8" />
  <meta name='ocr-system' content='tesseract 3.04.00' />
  <meta name='ocr-capabilities' content='ocr_page ocr_carea ocr_par ocr_line ocrx_word'/>
</head>
<body>
  <div class='ocr_page' id='page_1' title='image "./speculumhistori01mayogoog_0278.png"; bbox 0 0 3542 5800; ppageno 0'>
   <div class='ocr_carea' id='block_1_1' title="bbox 513 779 1329 846">
    <p class='ocr_par' dir='ltr' id='par_1_1' title="bbox 513 779 1329 846">
     <span class='ocr_line' id='line_1_1' title="bbox 513 779 1329 846; baseline 0.005 -4"><span class='ocrx_word' id='word_1_1' title='bbox 513 794 560 844; x_wconf 84' lang='lat' dir='ltr'><strong>nu</strong></span> <span class='ocrx_word' id='word_1_2' title='bbox 581 793 696 844; x_wconf 80' lang='lat' dir='ltr'><strong>umam</strong></span> <span class='ocrx_word' id='word_1_3' title='bbox 718 791 840 844; x_wconf 80' lang='lat' dir='ltr'><strong>aranu</strong></span> <span class='ocrx_word' id='word_1_4' title='bbox 860 791 1042 844; x_wconf 79' lang='lat' dir='ltr'><strong>anon-11.</strong></span> <span class='ocrx_word' id='word_1_5' title='bbox 1067 779 1117 844; x_wconf 77' lang='lat'><strong>64.</strong></span> <span class='ocrx_word' id='word_1_6' title='bbox 1264 779 1329 846; x_wconf 79' lang='lat'><strong>263</strong></span> 
     </span>
    </p>
   </div>
   <div class='ocr_carea' id='block_1_2' title="bbox 268 979 1457 4775">
    <p class='ocr_par' dir='ltr' id='par_1_2' title="bbox 280 979 1425 1379">
     <span class='ocr_line' id='line_1_2' title="bbox 283 979 1328 1069; baseline 0 -23"><span class='ocrx_word' id='word_1_7' title='bbox 283 984 382 1059; x_wconf 89' lang='lat' dir='ltr'><strong>retur,</strong></span> <span class='ocrx_word' id='word_1_8' title='bbox 405 981 557 1068; x_wconf 85' lang='lat' dir='ltr'><strong>quamvis</strong></span> <span class='ocrx_word' id='word_1_9' title='bbox 578 980 620 1046; x_wconf 91' lang='lat' dir='ltr'><strong>de</strong></span> <span class='ocrx_word' id='word_1_10' title='bbox 641 979 694 1046; x_wconf 91' lang='lat' dir='ltr'><strong>his</strong></span> <span class='ocrx_word' id='word_1_11' title='bbox 725 981 838 1069; x_wconf 84' lang='lat' dir='ltr'><strong>aliqua</strong></span> <span class='ocrx_word' id='word_1_12' title='bbox 867 981 1015 1067; x_wconf 88' lang='lat' dir='ltr'><strong>superius</strong></span> <span class='ocrx_word' id='word_1_13' title='bbox 1046 981 1206 1048; x_wconf 76' lang='lat' dir='ltr'><strong>sustinete</strong></span> <span class='ocrx_word' id='word_1_14' title='bbox 1238 980 1328 1046; x_wconf 81' lang='lat' dir='ltr'><strong>dixe·</strong></span> 
     </span>
     <span class='ocr_line' id='line_1_3' title="bbox 283 1081 1425 1170; baseline 0.002 -22"><span class='ocrx_word' id='word_1_15' title='bbox 283 1083 392 1151; x_wconf 86' lang='lat' dir='ltr'><strong>rimus</strong></span> <span class='ocrx_word' id='word_1_16' title='bbox 438 1083 582 1164; x_wconf 79' lang='lat' dir='ltr'><strong>Quidam</strong></span> <span class='ocrx_word' id='word_1_17' title='bbox 615 1085 703 1150; x_wconf 86' lang='lat' dir='ltr'><strong>enim</strong></span> <span class='ocrx_word' id='word_1_18' title='bbox 726 1083 884 1150; x_wconf 86' lang='lat' dir='ltr'><strong>voeabula</strong></span> <span class='ocrx_word' id='word_1_19' title='bbox 907 1081 1010 1148; x_wconf 89' lang='lat' dir='ltr'><strong>Anna</strong></span> <span class='ocrx_word' id='word_1_20' title='bbox 1041 1103 1100 1150; x_wconf 89' lang='lat' dir='ltr'><strong>suo</strong></span> <span class='ocrx_word' id='word_1_21' title='bbox 1123 1084 1159 1148; x_wconf 91' lang='lat' dir='ltr'><strong>in</strong></span> <span class='ocrx_word' id='word_1_22' title='bbox 1181 1089 1327 1170; x_wconf 85' lang='lat' dir='ltr'><strong>tem&#39;pore</strong></span> <span class='ocrx_word' id='word_1_23' title='bbox 1340 1089 1425 1144; x_wconf 82' lang='lat' dir='ltr'><strong>Anna</strong></span> 
     </span>
     <span class='ocr_line' id='line_1_4' title="bbox 282 1178 1351 1274; baseline 0.002 -22"><span class='ocrx_word' id='word_1_24' title='bbox 282 1208 340 1252; x_wconf 81' lang='lat' dir='ltr'><strong>rer</strong></span> <span class='ocrx_word' id='word_1_25' title='bbox 373 1193 445 1254; x_wconf 86' lang='lat' dir='ltr'><strong>erat</strong></span> <span class='ocrx_word' id='word_1_26' title='bbox 478 1187 696 1253; x_wconf 70' lang='lat' dir='ltr'><strong>Orientalium</strong></span> <span class='ocrx_word' id='word_1_27' title='bbox 718 1187 911 1274; x_wconf 77' lang='lat' dir='ltr'><strong>Anglomm,</strong></span> <span class='ocrx_word' id='word_1_28' title='bbox 934 1187 988 1251; x_wconf 88' lang='lat' dir='ltr'><strong>vir</strong></span> <span class='ocrx_word' id='word_1_29' title='bbox 1021 1185 1126 1252; x_wconf 89' lang='lat' dir='ltr'><strong>bonus</strong></span> <span class='ocrx_word' id='word_1_30' title='bbox 1157 1192 1192 1252; x_wconf 88' lang='lat' dir='ltr'><strong>et</strong></span> <span class='ocrx_word' id='word_1_31' title='bbox 1222 1178 1351 1254; x_wconf 87' lang='lat' dir='ltr'><strong>iustus</strong></span> 
     </span>
     <span class='ocr_line' id='line_1_5' title="bbox 280 1289 1328 1379; baseline 0.002 -23"><span class='ocrx_word' id='word_1_32' title='bbox 280 1295 379 1377; x_wconf 84' lang='lat' dir='ltr'><strong>alque</strong></span> <span class='ocrx_word' id='word_1_33' title='bbox 393 1291 527 1379; x_wconf 84' lang='lat' dir='ltr'><strong>optimae</strong></span> <span class='ocrx_word' id='word_1_34' title='bbox 547 1291 678 1379; x_wconf 83' lang='lat' dir='ltr'><strong>genitor</strong></span> <span class='ocrx_word' id='word_1_35' title='bbox 697 1291 824 1369; x_wconf 88' lang='lat' dir='ltr'><strong>sobolis,</strong></span> <span class='ocrx_word' id='word_1_36' title='bbox 847 1289 937 1356; x_wconf 87' lang='lat' dir='ltr'><strong>illius</strong></span> <span class='ocrx_word' id='word_1_37' title='bbox 957 1289 1111 1356; x_wconf 84' lang='lat' dir='ltr'><strong>videlieet</strong></span> <span class='ocrx_word' id='word_1_38' title='bbox 1133 1291 1328 1378; x_wconf 80' lang='lat' dir='ltr'><strong>inoormptae</strong></span> 
     </span>
    </p>

    <p class='ocr_par' dir='ltr' id='par_1_3' title="bbox 280 1393 1328 1585">
     <span class='ocr_line' id='line_1_6' title="bbox 281 1393 1328 1482; baseline 0.003 -22"><span class='ocrx_word' id='word_1_39' title='bbox 281 1399 316 1460; x_wconf 89' lang='lat' dir='ltr'><strong>et</strong></span> <span class='ocrx_word' id='word_1_40' title='bbox 336 1396 431 1480; x_wconf 85' lang='lat' dir='ltr'><strong>quasi</strong></span> <span class='ocrx_word' id='word_1_41' title='bbox 451 1395 558 1460; x_wconf 84' lang='lat' dir='ltr'><strong>adhue</strong></span> <span class='ocrx_word' id='word_1_42' title='bbox 579 1395 724 1460; x_wconf 84' lang='lat' dir='ltr'><strong>viventis</strong></span> <span class='ocrx_word' id='word_1_43' title='bbox 746 1395 783 1458; x_wconf 88' lang='lat' dir='ltr'><strong>in</strong></span> <span class='ocrx_word' id='word_1_44' title='bbox 804 1415 900 1460; x_wconf 86' lang='lat' dir='ltr'><strong>earne</strong></span> <span class='ocrx_word' id='word_1_45' title='bbox 922 1393 1045 1480; x_wconf 75' lang='lat' dir='ltr'><strong>regiam</strong></span> <span class='ocrx_word' id='word_1_46' title='bbox 1065 1393 1214 1481; x_wconf 82' lang='lat' dir='ltr'><strong>gloriosae</strong></span> <span class='ocrx_word' id='word_1_47' title='bbox 1228 1401 1328 1482; x_wconf 90' lang='lat' dir='ltr'><strong>atque</strong></span> 
     </span>
     <span class='ocr_line' id='line_1_7' title="bbox 280 1495 1328 1585; baseline 0.002 -21"><span class='ocrx_word' id='word_1_48' title='bbox 280 1503 448 1584; x_wconf 82' lang='lat' dir='ltr'><strong>perpetuas</strong></span> <span class='ocrx_word' id='word_1_49' title='bbox 478 1497 618 1585; x_wconf 84' lang='lat' dir='ltr'><strong>virginis</strong></span> <span class='ocrx_word' id='word_1_50' title='bbox 649 1497 892 1563; x_wconf 83' lang='lat' dir='ltr'><strong>AEtheldrithae.</strong></span> <span class='ocrx_word' id='word_1_51' title='bbox 939 1495 1006 1562; x_wconf 84' lang='lat' dir='ltr'><strong>Hic</strong></span> <span class='ocrx_word' id='word_1_52' title='bbox 1040 1496 1180 1563; x_wconf 81' lang='lat' dir='ltr'><strong>abesto</strong></span> <span class='ocrx_word' id='word_1_53' title='bbox 1204 1498 1328 1566; x_wconf 84' lang='lat' dir='ltr'><strong>Furseo</strong></span> 
     </span>
    </p>

    <p class='ocr_par' dir='ltr' id='par_1_4' title="bbox 278 1599 1328 2204">
     <span class='ocr_line' id='line_1_8' title="bbox 281 1599 1328 1690; baseline 0 -24"><span class='ocrx_word' id='word_1_54' title='bbox 281 1601 352 1666; x_wconf 86' lang='lat' dir='ltr'><strong>viro</strong></span> <span class='ocrx_word' id='word_1_55' title='bbox 374 1600 438 1667; x_wconf 92' lang='lat' dir='ltr'><strong>Dei</strong></span> <span class='ocrx_word' id='word_1_56' title='bbox 462 1600 697 1667; x_wconf 86' lang='lat' dir='ltr'><strong>monasterium</strong></span> <span class='ocrx_word' id='word_1_57' title='bbox 719 1600 756 1664; x_wconf 92' lang='lat' dir='ltr'><strong>in</strong></span> <span class='ocrx_word' id='word_1_58' title='bbox 777 1620 878 1687; x_wconf 85' lang='lat' dir='ltr'><strong>regno</strong></span> <span class='ocrx_word' id='word_1_59' title='bbox 901 1619 960 1666; x_wconf 90' lang='lat' dir='ltr'><strong>suo</strong></span> <span class='ocrx_word' id='word_1_60' title='bbox 982 1599 1182 1666; x_wconf 88' lang='lat' dir='ltr'><strong>aedificatum</strong></span> <span class='ocrx_word' id='word_1_61' title='bbox 1209 1625 1328 1690; x_wconf 85' lang='lat' dir='ltr'><strong>augus-</strong></span> 
     </span>
     <span class='ocr_line' id='line_1_9' title="bbox 280 1701 1327 1790; baseline 0.001 -21"><span class='ocrx_word' id='word_1_62' title='bbox 280 1704 417 1770; x_wconf 88' lang='lat' dir='ltr'><strong>tioribus</strong></span> <span class='ocrx_word' id='word_1_63' title='bbox 453 1703 600 1770; x_wconf 73' lang='lat' dir='ltr'><strong>adificiis</strong></span> <span class='ocrx_word' id='word_1_64' title='bbox 636 1724 675 1768; x_wconf 84' lang='lat' dir='ltr'><strong>aa</strong></span> <span class='ocrx_word' id='word_1_65' title='bbox 711 1702 857 1768; x_wconf 87' lang='lat' dir='ltr'><strong>donariis</strong></span> <span class='ocrx_word' id='word_1_66' title='bbox 899 1701 1081 1778; x_wconf 88' lang='lat' dir='ltr'><strong>adornavit,</strong></span> <span class='ocrx_word' id='word_1_67' title='bbox 1120 1705 1327 1790; x_wconf 88' lang='lat' dir='ltr'><strong>possessioni-</strong></span> 
     </span>
     <span class='ocr_line' id='line_1_10' title="bbox 279 1804 1327 1894; baseline 0.002 -22"><span class='ocrx_word' id='word_1_68' title='bbox 279 1807 404 1893; x_wconf 78' lang='lat' dir='ltr'>busque</span> <span class='ocrx_word' id='word_1_69' title='bbox 434 1827 473 1871; x_wconf 86' lang='lat' dir='ltr'><strong>ao</strong></span> <span class='ocrx_word' id='word_1_70' title='bbox 502 1807 603 1894; x_wconf 87' lang='lat' dir='ltr'><strong>eopiis</strong></span> <span class='ocrx_word' id='word_1_71' title='bbox 633 1806 864 1893; x_wconf 66' lang='lat' dir='ltr'><strong>temporalium</strong></span> <span class='ocrx_word' id='word_1_72' title='bbox 896 1827 1005 1870; x_wconf 91' lang='lat' dir='ltr'><strong>rerum</strong></span> <span class='ocrx_word' id='word_1_73' title='bbox 1040 1804 1172 1872; x_wconf 83' lang='lat' dir='ltr'><strong>Christo</strong></span> <span class='ocrx_word' id='word_1_74' title='bbox 1202 1806 1327 1874; x_wconf 87' lang='lat' dir='ltr'><strong>ibidem</strong></span> 
     </span>
     <span class='ocr_line' id='line_1_11' title="bbox 279 1906 1326 1996; baseline 0 -20"><span class='ocrx_word' id='word_1_75' title='bbox 279 1909 496 1976; x_wconf 88' lang='lat' dir='ltr'><strong>servientibus</strong></span> <span class='ocrx_word' id='word_1_76' title='bbox 525 1913 739 1996; x_wconf 70' lang='lat' dir='ltr'><strong>augmentare</strong></span> <span class='ocrx_word' id='word_1_77' title='bbox 770 1929 838 1974; x_wconf 92' lang='lat' dir='ltr'><strong>non</strong></span> <span class='ocrx_word' id='word_1_78' title='bbox 875 1908 982 1974; x_wconf 89' lang='lat' dir='ltr'><strong>desiit.</strong></span> <span class='ocrx_word' id='word_1_79' title='bbox 1038 1906 1104 1988; x_wconf 80' lang='lat' dir='ltr'><strong>Qui</strong></span> <span class='ocrx_word' id='word_1_80' title='bbox 1141 1914 1254 1996; x_wconf 86' lang='lat' dir='ltr'><strong>postea</strong></span> <span class='ocrx_word' id='word_1_81' title='bbox 1290 1911 1326 1976; x_wconf 91' lang='lat' dir='ltr'><strong>in</strong></span> 
     </span>
     <span class='ocr_line' id='line_1_12' title="bbox 280 2011 1325 2098; baseline -0.001 -19"><span class='ocrx_word' id='word_1_82' title='bbox 280 2014 463 2080; x_wconf 79' lang='lat' dir='ltr'><strong>defensione</strong></span> <span class='ocrx_word' id='word_1_83' title='bbox 487 2012 684 2079; x_wconf 74' lang='lat' dir='ltr'><strong>Christianae</strong></span> <span class='ocrx_word' id='word_1_84' title='bbox 705 2011 873 2098; x_wconf 80' lang='lat' dir='ltr'><strong>religionis</strong></span> <span class='ocrx_word' id='word_1_85' title='bbox 887 2033 908 2074; x_wconf 92' lang='lat' dir='ltr'><strong>a</strong></span> <span class='ocrx_word' id='word_1_86' title='bbox 930 2011 1074 2096; x_wconf 89' lang='lat' dir='ltr'><strong>quodam</strong></span> <span class='ocrx_word' id='word_1_87' title='bbox 1096 2033 1223 2098; x_wconf 87' lang='lat' dir='ltr'><strong>pagano</strong></span> <span class='ocrx_word' id='word_1_88' title='bbox 1238 2012 1325 2078; x_wconf 87' lang='lat' dir='ltr'><strong>Mer·</strong></span> 
     </span>
     <span class='ocr_line' id='line_1_13' title="bbox 278 2113 1326 2204; baseline 0 -22"><span class='ocrx_word' id='word_1_89' title='bbox 278 2117 401 2182; x_wconf 82' lang='lat' dir='ltr'><strong>ciorum</strong></span> <span class='ocrx_word' id='word_1_90' title='bbox 430 2139 505 2204; x_wconf 90' lang='lat' dir='ltr'><strong>rege</strong></span> <span class='ocrx_word' id='word_1_91' title='bbox 536 2114 649 2182; x_wconf 86' lang='lat' dir='ltr'><strong>Penda</strong></span> <span class='ocrx_word' id='word_1_92' title='bbox 680 2115 820 2191; x_wconf 90' lang='lat' dir='ltr'><strong>nomine,</strong></span> <span class='ocrx_word' id='word_1_93' title='bbox 844 2113 931 2178; x_wconf 90' lang='lat' dir='ltr'><strong>siout</strong></span> <span class='ocrx_word' id='word_1_94' title='bbox 960 2113 1180 2201; x_wconf 80' lang='lat' dir='ltr'><strong>praediximus,</strong></span> <span class='ocrx_word' id='word_1_95' title='bbox 1204 2115 1326 2182; x_wconf 89' lang='lat' dir='ltr'><strong>oooisus</strong></span> 
     </span>
    </p>

    <p class='ocr_par' dir='ltr' id='par_1_5' title="bbox 275 2217 1457 2928">
     <span class='ocr_line' id='line_1_14' title="bbox 278 2217 1326 2306; baseline -0.003 -19"><span class='ocrx_word' id='word_1_96' title='bbox 278 2226 336 2297; x_wconf 79' lang='lat' dir='ltr'><strong>est,</strong></span> <span class='ocrx_word' id='word_1_97' title='bbox 375 2243 396 2286; x_wconf 89' lang='lat' dir='ltr'><strong>a</strong></span> <span class='ocrx_word' id='word_1_98' title='bbox 425 2241 491 2306; x_wconf 88' lang='lat' dir='ltr'><strong>quo</strong></span> <span class='ocrx_word' id='word_1_99' title='bbox 522 2223 557 2284; x_wconf 93' lang='lat' dir='ltr'><strong>et</strong></span> <span class='ocrx_word' id='word_1_100' title='bbox 588 2219 653 2284; x_wconf 88' lang='lat' dir='ltr'><strong>duo</strong></span> <span class='ocrx_word' id='word_1_101' title='bbox 686 2217 935 2304; x_wconf 68' lang='lat' dir='ltr'><strong>praedecessores</strong></span> <span class='ocrx_word' id='word_1_102' title='bbox 969 2217 1028 2294; x_wconf 91' lang='lat' dir='ltr'><strong>sui,</strong></span> <span class='ocrx_word' id='word_1_103' title='bbox 1052 2238 1143 2304; x_wconf 88' lang='lat' dir='ltr'><strong>reges</strong></span> <span class='ocrx_word' id='word_1_104' title='bbox 1174 2217 1326 2284; x_wconf 88' lang='lat' dir='ltr'><strong>videlieet</strong></span> 
     </span>
     <span class='ocr_line' id='line_1_15' title="bbox 278 2318 1326 2408; baseline -0.002 -20"><span class='ocrx_word' id='word_1_105' title='bbox 278 2321 494 2388; x_wconf 88' lang='lat' dir='ltr'><strong>Orientalium</strong></span> <span class='ocrx_word' id='word_1_106' title='bbox 509 2321 693 2408; x_wconf 83' lang='lat' dir='ltr'><strong>Anglorum</strong></span> <span class='ocrx_word' id='word_1_107' title='bbox 709 2318 900 2406; x_wconf 87' lang='lat' dir='ltr'><strong>Sigebertus</strong></span> <span class='ocrx_word' id='word_1_108' title='bbox 922 2341 980 2406; x_wconf 92' lang='lat' dir='ltr'><strong>pro</strong></span> <span class='ocrx_word' id='word_1_109' title='bbox 997 2319 1128 2385; x_wconf 80' lang='lat' dir='ltr'><strong>Christo</strong></span> <span class='ocrx_word' id='word_1_110' title='bbox 1151 2321 1326 2386; x_wconf 80' lang='lat' dir='ltr'><strong>monachus</strong></span> 
     </span>
     <span class='ocr_line' id='line_1_16' title="bbox 277 2423 1324 2512; baseline -0.001 -21"><span class='ocrx_word' id='word_1_111' title='bbox 277 2425 409 2494; x_wconf 84' lang='lat' dir='ltr'><strong>effeetus</strong></span> <span class='ocrx_word' id='word_1_112' title='bbox 431 2431 465 2491; x_wconf 90' lang='lat' dir='ltr'><strong>et</strong></span> <span class='ocrx_word' id='word_1_113' title='bbox 488 2423 625 2512; x_wconf 84' lang='lat' dir='ltr'><strong>Egrious</strong></span> <span class='ocrx_word' id='word_1_114' title='bbox 648 2427 804 2509; x_wconf 85' lang='lat' dir='ltr'><strong>cognatus</strong></span> <span class='ocrx_word' id='word_1_115' title='bbox 827 2423 906 2499; x_wconf 89' lang='lat' dir='ltr'><strong>eius,</strong></span> <span class='ocrx_word' id='word_1_116' title='bbox 930 2444 1069 2508; x_wconf 91' lang='lat' dir='ltr'><strong>quorum</strong></span> <span class='ocrx_word' id='word_1_117' title='bbox 1092 2445 1190 2512; x_wconf 86' lang='lat' dir='ltr'><strong>supra</strong></span> <span class='ocrx_word' id='word_1_118' title='bbox 1213 2427 1324 2492; x_wconf 89' lang='lat' dir='ltr'><strong>memi-</strong></span> 
     </span>
     <span class='ocr_line' id='line_1_17' title="bbox 276 2525 1457 2608; baseline -0.001 -12"><span class='ocrx_word' id='word_1_119' title='bbox 276 2530 393 2608; x_wconf 87' lang='lat' dir='ltr'><strong>nimus,</strong></span> <span class='ocrx_word' id='word_1_120' title='bbox 416 2527 588 2595; x_wconf 72' lang='lat' dir='ltr'><strong>interfecti,</strong></span> <span class='ocrx_word' id='word_1_121' title='bbox 634 2525 765 2591; x_wconf 85' lang='lat' dir='ltr'><strong>Habuit</strong></span> <span class='ocrx_word' id='word_1_122' title='bbox 787 2525 876 2590; x_wconf 92' lang='lat' dir='ltr'><strong>idem</strong></span> <span class='ocrx_word' id='word_1_123' title='bbox 898 2529 1031 2590; x_wconf 87' lang='lat' dir='ltr'><strong>sanetus</strong></span> <span class='ocrx_word' id='word_1_124' title='bbox 1052 2547 1112 2591; x_wconf 86' lang='lat' dir='ltr'><strong>rex</strong></span> <span class='ocrx_word' id='word_1_125' title='bbox 1127 2527 1226 2592; x_wconf 90' lang='lat' dir='ltr'><strong>Anna</strong></span> <span class='ocrx_word' id='word_1_126' title='bbox 1242 2529 1323 2595; x_wconf 87' lang='lat' dir='ltr'><strong>duos</strong></span> <span class='ocrx_word' id='word_1_127' title='bbox 1336 2525 1457 2580; x_wconf 63' lang='lat' dir='ltr'><strong>studet.</strong></span> 
     </span>
     <span class='ocr_line' id='line_1_18' title="bbox 276 2627 1323 2718; baseline -0.001 -20"><span class='ocrx_word' id='word_1_128' title='bbox 276 2635 400 2709; x_wconf 83' lang='lat' dir='ltr'><strong>fiatres,</strong></span> <span class='ocrx_word' id='word_1_129' title='bbox 423 2631 629 2696; x_wconf 85' lang='lat' dir='ltr'><strong>AEthelerum</strong></span> <span class='ocrx_word' id='word_1_130' title='bbox 661 2633 694 2694; x_wconf 92' lang='lat' dir='ltr'><strong>et</strong></span> <span class='ocrx_word' id='word_1_131' title='bbox 727 2627 992 2707; x_wconf 86' lang='lat' dir='ltr'><strong>AEthelwaldum,</strong></span> <span class='ocrx_word' id='word_1_132' title='bbox 1025 2630 1082 2714; x_wconf 90' lang='lat' dir='ltr'><strong>qui</strong></span> <span class='ocrx_word' id='word_1_133' title='bbox 1115 2635 1154 2694; x_wconf 93' lang='lat' dir='ltr'><strong>ut</strong></span> <span class='ocrx_word' id='word_1_134' title='bbox 1184 2637 1323 2718; x_wconf 89' lang='lat' dir='ltr'><strong>uterque</strong></span> 
     </span>
     <span class='ocr_line' id='line_1_19' title="bbox 275 2733 1322 2824; baseline 0 -24"><span class='ocrx_word' id='word_1_135' title='bbox 275 2737 363 2824; x_wconf 91' lang='lat' dir='ltr'><strong>prior</strong></span> <span class='ocrx_word' id='word_1_136' title='bbox 396 2740 431 2800; x_wconf 89' lang='lat' dir='ltr'><strong>et</strong></span> <span class='ocrx_word' id='word_1_137' title='bbox 460 2734 620 2821; x_wconf 88' lang='lat' dir='ltr'><strong>posterior</strong></span> <span class='ocrx_word' id='word_1_138' title='bbox 640 2733 801 2818; x_wconf 87' lang='lat' dir='ltr'><strong>regnavit,</strong></span> <span class='ocrx_word' id='word_1_139' title='bbox 835 2736 1012 2818; x_wconf 86' lang='lat' dir='ltr'><strong>postquam</strong></span> <span class='ocrx_word' id='word_1_140' title='bbox 1043 2754 1103 2819; x_wconf 88' lang='lat' dir='ltr'><strong>per</strong></span> <span class='ocrx_word' id='word_1_141' title='bbox 1139 2735 1322 2821; x_wconf 90' lang='lat' dir='ltr'><strong>passionem</strong></span> 
     </span>
     <span class='ocr_line' id='line_1_20' title="bbox 275 2833 1325 2928; baseline 0.001 -22"><span class='ocrx_word' id='word_1_142' title='bbox 275 2838 425 2928; x_wconf 82' lang='lat' dir='ltr'><strong>martyrii</strong></span> <span class='ocrx_word' id='word_1_143' title='bbox 447 2859 489 2905; x_wconf 84' lang='lat' dir='ltr'><strong>ex</strong></span> <span class='ocrx_word' id='word_1_144' title='bbox 511 2837 572 2903; x_wconf 79' lang='lat' dir='ltr'><strong>han</strong></span> <span class='ocrx_word' id='word_1_145' title='bbox 587 2835 659 2902; x_wconf 87' lang='lat' dir='ltr'><strong>vita</strong></span> <span class='ocrx_word' id='word_1_146' title='bbox 681 2839 814 2901; x_wconf 84' lang='lat' dir='ltr'><strong>sanetus</strong></span> <span class='ocrx_word' id='word_1_147' title='bbox 829 2833 928 2898; x_wconf 84' lang='lat' dir='ltr'><strong>Anna</strong></span> <span class='ocrx_word' id='word_1_148' title='bbox 950 2835 1093 2903; x_wconf 73' lang='lat' dir='ltr'><strong>decessit.</strong></span> <span class='ocrx_word' id='word_1_149' title='bbox 1139 2835 1325 2907; x_wconf 88' lang='lat' dir='ltr'><strong>AEthelerus</strong></span> 
     </span>
    </p>

    <p class='ocr_par' dir='ltr' id='par_1_6' title="bbox 274 2937 1322 3225">
     <span class='ocr_line' id='line_1_21' title="bbox 276 2937 1322 3031; baseline -0.002 -21"><span class='ocrx_word' id='word_1_150' title='bbox 276 2966 354 3010; x_wconf 86' lang='lat' dir='ltr'><strong>vero</strong></span> <span class='ocrx_word' id='word_1_151' title='bbox 390 2942 505 3031; x_wconf 88' lang='lat' dir='ltr'><strong>genuit</strong></span> <span class='ocrx_word' id='word_1_152' title='bbox 543 2941 583 3005; x_wconf 92' lang='lat' dir='ltr'><strong>de</strong></span> <span class='ocrx_word' id='word_1_153' title='bbox 614 2940 728 3026; x_wconf 89' lang='lat' dir='ltr'><strong>regina</strong></span> <span class='ocrx_word' id='word_1_154' title='bbox 765 2961 825 3003; x_wconf 89' lang='lat' dir='ltr'><strong>sua</strong></span> <span class='ocrx_word' id='word_1_155' title='bbox 855 2943 968 3003; x_wconf 86' lang='lat' dir='ltr'><strong>sancta</strong></span> <span class='ocrx_word' id='word_1_156' title='bbox 1004 2937 1183 3005; x_wconf 85' lang='lat' dir='ltr'><strong>Herewida</strong></span> <span class='ocrx_word' id='word_1_157' title='bbox 1213 2964 1322 3008; x_wconf 89' lang='lat' dir='ltr'><strong>sorore</strong></span> 
     </span>
     <span class='ocr_line' id='line_1_22' title="bbox 274 3040 1319 3131; baseline -0.005 -18"><span class='ocrx_word' id='word_1_158' title='bbox 274 3049 379 3113; x_wconf 75' lang='lat' dir='ltr'><strong>beatae</strong></span> <span class='ocrx_word' id='word_1_159' title='bbox 406 3044 519 3112; x_wconf 83' lang='lat' dir='ltr'><strong>Hildae</strong></span> <span class='ocrx_word' id='word_1_160' title='bbox 540 3044 680 3131; x_wconf 86' lang='lat' dir='ltr'><strong>virginis</strong></span> <span class='ocrx_word' id='word_1_161' title='bbox 702 3048 737 3107; x_wconf 90' lang='lat' dir='ltr'><strong>et</strong></span> <span class='ocrx_word' id='word_1_162' title='bbox 759 3042 934 3105; x_wconf 76' lang='lat' dir='ltr'><strong>abbasssae</strong></span> <span class='ocrx_word' id='word_1_163' title='bbox 956 3040 1093 3127; x_wconf 86' lang='lat' dir='ltr'><strong>insignis</strong></span> <span class='ocrx_word' id='word_1_164' title='bbox 1116 3042 1198 3107; x_wconf 87' lang='lat' dir='ltr'><strong>duos</strong></span> <span class='ocrx_word' id='word_1_165' title='bbox 1226 3042 1319 3121; x_wconf 88' lang='lat' dir='ltr'><strong>filios,</strong></span> 
     </span>
     <span class='ocr_line' id='line_1_23' title="bbox 274 3144 1322 3225; baseline -0.006 -8"><span class='ocrx_word' id='word_1_166' title='bbox 274 3150 426 3217; x_wconf 81' lang='lat' dir='ltr'><strong>maximae</strong></span> <span class='ocrx_word' id='word_1_167' title='bbox 449 3146 622 3213; x_wconf 83' lang='lat' dir='ltr'><strong>industriae</strong></span> <span class='ocrx_word' id='word_1_168' title='bbox 645 3152 679 3211; x_wconf 88' lang='lat' dir='ltr'><strong>et</strong></span> <span class='ocrx_word' id='word_1_169' title='bbox 701 3166 839 3210; x_wconf 83' lang='lat' dir='ltr'><strong>summae</strong></span> <span class='ocrx_word' id='word_1_170' title='bbox 861 3144 1067 3209; x_wconf 87' lang='lat' dir='ltr'><strong>strenuitatis</strong></span> <span class='ocrx_word' id='word_1_171' title='bbox 1082 3144 1179 3225; x_wconf 85' lang='lat' dir='ltr'><strong>viros,</strong></span> <span class='ocrx_word' id='word_1_172' title='bbox 1195 3144 1322 3211; x_wconf 85' lang='lat' dir='ltr'><strong>AEldul·</strong></span> 
     </span>
    </p>

    <p class='ocr_par' dir='ltr' id='par_1_7' title="bbox 274 3234 1321 3333">
     <span class='ocr_line' id='line_1_24' title="bbox 274 3234 1321 3333; baseline -0.004 -14"><span class='ocrx_word' id='word_1_173' title='bbox 274 3234 344 3319; x_wconf 83' lang='lat' dir='ltr'><strong>fam</strong></span> <span class='ocrx_word' id='word_1_174' title='bbox 370 3258 405 3319; x_wconf 91' lang='lat' dir='ltr'><strong>et</strong></span> <span class='ocrx_word' id='word_1_175' title='bbox 427 3250 641 3317; x_wconf 83' lang='lat' dir='ltr'><strong>Alowoldum.</strong></span> <span class='ocrx_word' id='word_1_176' title='bbox 687 3248 879 3333; x_wconf 89' lang='lat' dir='ltr'><strong>Peremptus</strong></span> <span class='ocrx_word' id='word_1_177' title='bbox 913 3250 963 3311; x_wconf 88' lang='lat' dir='ltr'><strong>est</strong></span> <span class='ocrx_word' id='word_1_178' title='bbox 996 3250 1107 3311; x_wconf 88' lang='lat' dir='ltr'><strong>autern</strong></span> <span class='ocrx_word' id='word_1_179' title='bbox 1143 3246 1321 3315; x_wconf 84' lang='lat' dir='ltr'><strong>AEdeherus</strong></span> 
     </span>
    </p>

    <p class='ocr_par' dir='ltr' id='par_1_8' title="bbox 273 3348 1320 3543">
     <span class='ocr_line' id='line_1_25' title="bbox 274 3348 1320 3439; baseline -0.003 -19"><span class='ocrx_word' id='word_1_180' title='bbox 274 3378 332 3421; x_wconf 88' lang='lat' dir='ltr'><strong>rex</strong></span> <span class='ocrx_word' id='word_1_181' title='bbox 353 3356 390 3420; x_wconf 91' lang='lat' dir='ltr'><strong>in</strong></span> <span class='ocrx_word' id='word_1_182' title='bbox 420 3352 516 3433; x_wconf 92' lang='lat' dir='ltr'><strong>bello,</strong></span> <span class='ocrx_word' id='word_1_183' title='bbox 548 3352 632 3417; x_wconf 87' lang='lat' dir='ltr'><strong>sieut</strong></span> <span class='ocrx_word' id='word_1_184' title='bbox 662 3350 882 3439; x_wconf 78' lang='lat' dir='ltr'><strong>praediximus,</strong></span> <span class='ocrx_word' id='word_1_185' title='bbox 917 3350 960 3413; x_wconf 92' lang='lat' dir='ltr'><strong>ab</strong></span> <span class='ocrx_word' id='word_1_186' title='bbox 994 3348 1105 3415; x_wconf 87' lang='lat' dir='ltr'><strong>Oswio</strong></span> <span class='ocrx_word' id='word_1_187' title='bbox 1138 3348 1320 3417; x_wconf 84' lang='lat' dir='ltr'><strong>Northum-</strong></span> 
     </span>
     <span class='ocr_line' id='line_1_26' title="bbox 273 3450 1318 3543; baseline -0.006 -18"><span class='ocrx_word' id='word_1_188' title='bbox 273 3460 406 3525; x_wconf 88' lang='lat' dir='ltr'><strong>brorum</strong></span> <span class='ocrx_word' id='word_1_189' title='bbox 427 3476 504 3543; x_wconf 84' lang='lat' dir='ltr'><strong>rege</strong></span> <span class='ocrx_word' id='word_1_190' title='bbox 527 3476 601 3520; x_wconf 87' lang='lat' dir='ltr'><strong>cum</strong></span> <span class='ocrx_word' id='word_1_191' title='bbox 624 3452 758 3518; x_wconf 86' lang='lat' dir='ltr'><strong>Peanda</strong></span> <span class='ocrx_word' id='word_1_192' title='bbox 790 3450 986 3517; x_wconf 84' lang='lat' dir='ltr'><strong>Meroiorum</strong></span> <span class='ocrx_word' id='word_1_193' title='bbox 1008 3474 1084 3541; x_wconf 85' lang='lat' dir='ltr'><strong>rege</strong></span> <span class='ocrx_word' id='word_1_194' title='bbox 1106 3474 1143 3519; x_wconf 83' lang='lat' dir='ltr'><strong>aa</strong></span> <span class='ocrx_word' id='word_1_195' title='bbox 1164 3459 1318 3541; x_wconf 86' lang='lat' dir='ltr'><strong>tyranno.</strong></span> 
     </span>
    </p>

    <p class='ocr_par' dir='ltr' id='par_1_9' title="bbox 270 3553 1431 4060">
     <span class='ocr_line' id='line_1_27' title="bbox 275 3553 1319 3647; baseline -0.003 -20"><span class='ocrx_word' id='word_1_196' title='bbox 275 3559 336 3627; x_wconf 82' lang='lat' dir='ltr'><strong>cui</strong></span> <span class='ocrx_word' id='word_1_197' title='bbox 375 3578 550 3647; x_wconf 85' lang='lat' dir='ltr'><strong>germanus</strong></span> <span class='ocrx_word' id='word_1_198' title='bbox 592 3578 670 3621; x_wconf 89' lang='lat' dir='ltr'><strong>suus</strong></span> <span class='ocrx_word' id='word_1_199' title='bbox 708 3553 920 3619; x_wconf 85' lang='lat' dir='ltr'><strong>Adelwaldus</strong></span> <span class='ocrx_word' id='word_1_200' title='bbox 953 3556 1114 3633; x_wconf 81' lang='lat' dir='ltr'><strong>suecessit,</strong></span> <span class='ocrx_word' id='word_1_201' title='bbox 1151 3564 1319 3645; x_wconf 87' lang='lat' dir='ltr'><strong>assumpta</strong></span> 
     </span>
     <span class='ocr_line' id='line_1_28' title="bbox 272 3656 1317 3751; baseline -0.002 -22"><span class='ocrx_word' id='word_1_202' title='bbox 272 3662 447 3751; x_wconf 78' lang='lat' dir='ltr'><strong>tyrannide</strong></span> <span class='ocrx_word' id='word_1_203' title='bbox 470 3667 504 3727; x_wconf 88' lang='lat' dir='ltr'><strong>et</strong></span> <span class='ocrx_word' id='word_1_204' title='bbox 525 3663 689 3747; x_wconf 88' lang='lat' dir='ltr'><strong>potestate</strong></span> <span class='ocrx_word' id='word_1_205' title='bbox 720 3657 757 3722; x_wconf 93' lang='lat' dir='ltr'><strong>in</strong></span> <span class='ocrx_word' id='word_1_206' title='bbox 786 3678 895 3744; x_wconf 88' lang='lat' dir='ltr'><strong>regno.</strong></span> <span class='ocrx_word' id='word_1_207' title='bbox 942 3656 1016 3736; x_wconf 81' lang='lat' dir='ltr'><strong>Quo</strong></span> <span class='ocrx_word' id='word_1_208' title='bbox 1047 3657 1200 3725; x_wconf 73' lang='lat' dir='ltr'><strong>delimato</strong></span> <span class='ocrx_word' id='word_1_209' title='bbox 1230 3660 1317 3727; x_wconf 89' lang='lat' dir='ltr'><strong>filius</strong></span> 
     </span>
     <span class='ocr_line' id='line_1_29' title="bbox 272 3760 1431 3847; baseline -0.006 -15"><span class='ocrx_word' id='word_1_210' title='bbox 272 3766 427 3832; x_wconf 84' lang='lat' dir='ltr'><strong>Adelheri</strong></span> <span class='ocrx_word' id='word_1_211' title='bbox 456 3764 560 3828; x_wconf 88' lang='lat' dir='ltr'><strong>maior</strong></span> <span class='ocrx_word' id='word_1_212' title='bbox 591 3766 674 3826; x_wconf 90' lang='lat' dir='ltr'><strong>natu</strong></span> <span class='ocrx_word' id='word_1_213' title='bbox 696 3760 861 3825; x_wconf 78' lang='lat' dir='ltr'><strong>AEldulfirs</strong></span> <span class='ocrx_word' id='word_1_214' title='bbox 883 3760 1016 3823; x_wconf 91' lang='lat' dir='ltr'><strong>nomine</strong></span> <span class='ocrx_word' id='word_1_215' title='bbox 1049 3765 1177 3847; x_wconf 82' lang='lat' dir='ltr'><strong>sceptra</strong></span> <span class='ocrx_word' id='word_1_216' title='bbox 1206 3764 1431 3829; x_wconf 79' lang='lat' dir='ltr'><strong>mode-auur.</strong></span> 
     </span>
     <span class='ocr_line' id='line_1_30' title="bbox 272 3861 1315 3953; baseline -0.005 -18"><span class='ocrx_word' id='word_1_217' title='bbox 272 3870 374 3935; x_wconf 89' lang='lat' dir='ltr'><strong>randa</strong></span> <span class='ocrx_word' id='word_1_218' title='bbox 395 3866 545 3953; x_wconf 76' lang='lat' dir='ltr'><strong>suscepit,</strong></span> <span class='ocrx_word' id='word_1_219' title='bbox 577 3870 612 3930; x_wconf 93' lang='lat' dir='ltr'><strong>et</strong></span> <span class='ocrx_word' id='word_1_220' title='bbox 646 3862 741 3928; x_wconf 91' lang='lat' dir='ltr'><strong>annis</strong></span> <span class='ocrx_word' id='word_1_221' title='bbox 772 3861 937 3928; x_wconf 87' lang='lat' dir='ltr'><strong>nonnullis</strong></span> <span class='ocrx_word' id='word_1_222' title='bbox 959 3864 1119 3949; x_wconf 89' lang='lat' dir='ltr'><strong>regnavit.</strong></span> <span class='ocrx_word' id='word_1_223' title='bbox 1167 3862 1315 3951; x_wconf 85' lang='lat' dir='ltr'><strong>Cumque</strong></span> 
     </span>
     <span class='ocr_line' id='line_1_31' title="bbox 270 3964 1315 4060; baseline -0.007 -21"><span class='ocrx_word' id='word_1_224' title='bbox 270 3972 438 4060; x_wconf 86' lang='lat' dir='ltr'><strong>appositus</strong></span> <span class='ocrx_word' id='word_1_225' title='bbox 459 3972 543 4035; x_wconf 89' lang='lat' dir='ltr'><strong>esset</strong></span> <span class='ocrx_word' id='word_1_226' title='bbox 565 3972 599 4033; x_wconf 90' lang='lat' dir='ltr'><strong>et</strong></span> <span class='ocrx_word' id='word_1_227' title='bbox 620 3967 690 4053; x_wconf 86' lang='lat' dir='ltr'><strong>ipse</strong></span> <span class='ocrx_word' id='word_1_228' title='bbox 722 3964 765 4029; x_wconf 90' lang='lat' dir='ltr'><strong>ad</strong></span> <span class='ocrx_word' id='word_1_229' title='bbox 795 3967 905 4051; x_wconf 87' lang='lat' dir='ltr'><strong>patres</strong></span> <span class='ocrx_word' id='word_1_230' title='bbox 937 3986 1012 4029; x_wconf 90' lang='lat' dir='ltr'><strong>suos</strong></span> <span class='ocrx_word' id='word_1_231' title='bbox 1046 3969 1081 4030; x_wconf 91' lang='lat' dir='ltr'><strong>et</strong></span> <span class='ocrx_word' id='word_1_232' title='bbox 1110 3966 1213 4031; x_wconf 87' lang='lat' dir='ltr'><strong>totius</strong></span> <span class='ocrx_word' id='word_1_233' title='bbox 1234 3968 1315 4033; x_wconf 73' lang='lat' dir='ltr'><strong>vites</strong></span> 
     </span>
    </p>

    <p class='ocr_par' dir='ltr' id='par_1_10' title="bbox 268 4068 1447 4775">
     <span class='ocr_line' id='line_1_32' title="bbox 270 4068 1447 4144; baseline -0.003 -3"><span class='ocrx_word' id='word_1_234' title='bbox 270 4098 337 4141; x_wconf 83' lang='lat' dir='ltr'><strong>suae</strong></span> <span class='ocrx_word' id='word_1_235' title='bbox 373 4074 442 4138; x_wconf 88' lang='lat' dir='ltr'><strong>dies</strong></span> <span class='ocrx_word' id='word_1_236' title='bbox 480 4092 591 4138; x_wconf 86' lang='lat' dir='ltr'><strong>omnes</strong></span> <span class='ocrx_word' id='word_1_237' title='bbox 629 4071 881 4135; x_wconf 70' lang='lat' dir='ltr'><strong>consummasset</strong></span> <span class='ocrx_word' id='word_1_238' title='bbox 912 4071 946 4131; x_wconf 89' lang='lat' dir='ltr'><strong>et</strong></span> <span class='ocrx_word' id='word_1_239' title='bbox 983 4088 1093 4144; x_wconf 89' lang='lat' dir='ltr'><strong>annos,</strong></span> <span class='ocrx_word' id='word_1_240' title='bbox 1108 4068 1313 4135; x_wconf 83' lang='lat' dir='ltr'><strong>&#39;Alowoldus</strong></span> <span class='ocrx_word' id='word_1_241' title='bbox 1326 4082 1447 4137; x_wconf 79' lang='lat' dir='ltr'><strong>Alewold.</strong></span> 
     </span>
     <span class='ocr_line' id='line_1_33' title="bbox 268 4168 1314 4260; baseline -0.005 -17"><span class='ocrx_word' id='word_1_242' title='bbox 268 4178 371 4243; x_wconf 87' lang='lat' dir='ltr'><strong>frater</strong></span> <span class='ocrx_word' id='word_1_243' title='bbox 392 4176 462 4241; x_wconf 90' lang='lat' dir='ltr'><strong>eius</strong></span> <span class='ocrx_word' id='word_1_244' title='bbox 483 4175 627 4239; x_wconf 87' lang='lat' dir='ltr'><strong>habenas</strong></span> <span class='ocrx_word' id='word_1_245' title='bbox 641 4171 735 4258; x_wconf 85' lang='lat' dir='ltr'><strong>regni</strong></span> <span class='ocrx_word' id='word_1_246' title='bbox 756 4168 940 4256; x_wconf 89' lang='lat' dir='ltr'><strong>superando</strong></span> <span class='ocrx_word' id='word_1_247' title='bbox 962 4170 1166 4255; x_wconf 85' lang='lat' dir='ltr'><strong>temperavit,</strong></span> <span class='ocrx_word' id='word_1_248' title='bbox 1184 4175 1218 4237; x_wconf 87' lang='lat' dir='ltr'><strong>st</strong></span> <span class='ocrx_word' id='word_1_249' title='bbox 1232 4194 1314 4260; x_wconf 73' lang='lat' dir='ltr'><strong>prae-</strong></span> 
     </span>
     <span class='ocr_line' id='line_1_34' title="bbox 270 4271 1312 4362; baseline -0.005 -15"><span class='ocrx_word' id='word_1_250' title='bbox 270 4282 450 4347; x_wconf 70' lang='lat' dir='ltr'><strong>deoemores</strong></span> <span class='ocrx_word' id='word_1_251' title='bbox 480 4298 573 4362; x_wconf 90' lang='lat' dir='ltr'><strong>reges</strong></span> <span class='ocrx_word' id='word_1_252' title='bbox 606 4274 760 4359; x_wconf 85' lang='lat' dir='ltr'><strong>antiquos</strong></span> <span class='ocrx_word' id='word_1_253' title='bbox 790 4278 861 4337; x_wconf 90' lang='lat' dir='ltr'><strong>tam</strong></span> <span class='ocrx_word' id='word_1_254' title='bbox 893 4271 1054 4357; x_wconf 88' lang='lat' dir='ltr'><strong>sapientia</strong></span> <span class='ocrx_word' id='word_1_255' title='bbox 1091 4276 1126 4338; x_wconf 89' lang='lat' dir='ltr'><strong>et</strong></span> <span class='ocrx_word' id='word_1_256' title='bbox 1158 4276 1312 4357; x_wconf 87' lang='lat' dir='ltr'><strong>moribus,</strong></span> 
     </span>
     <span class='ocr_line' id='line_1_35' title="bbox 269 4374 1314 4469; baseline -0.003 -21"><span class='ocrx_word' id='word_1_257' title='bbox 269 4405 367 4469; x_wconf 86' lang='lat' dir='ltr'><strong>quam</strong></span> <span class='ocrx_word' id='word_1_258' title='bbox 388 4380 493 4469; x_wconf 89' lang='lat' dir='ltr'><strong>gloria</strong></span> <span class='ocrx_word' id='word_1_259' title='bbox 515 4383 550 4443; x_wconf 92' lang='lat' dir='ltr'><strong>et</strong></span> <span class='ocrx_word' id='word_1_260' title='bbox 578 4379 699 4443; x_wconf 90' lang='lat' dir='ltr'><strong>honore</strong></span> <span class='ocrx_word' id='word_1_261' title='bbox 730 4374 913 4441; x_wconf 87' lang='lat' dir='ltr'><strong>nobilitatis</strong></span> <span class='ocrx_word' id='word_1_262' title='bbox 945 4374 1097 4461; x_wconf 81' lang='lat' dir='ltr'><strong>aequavit.</strong></span> <span class='ocrx_word' id='word_1_263' title='bbox 1143 4376 1189 4442; x_wconf 87' lang='lat' dir='ltr'><strong>Et</strong></span> <span class='ocrx_word' id='word_1_264' title='bbox 1210 4384 1249 4443; x_wconf 92' lang='lat' dir='ltr'><strong>ut</strong></span> <span class='ocrx_word' id='word_1_265' title='bbox 1279 4380 1314 4445; x_wconf 93' lang='lat' dir='ltr'><strong>in</strong></span> 
     </span>
     <span class='ocr_line' id='line_1_36' title="bbox 271 4478 1314 4568; baseline -0.005 -16"><span class='ocrx_word' id='word_1_266' title='bbox 271 4484 439 4552; x_wconf 85' lang='lat' dir='ltr'><strong>Chronieis</strong></span> <span class='ocrx_word' id='word_1_267' title='bbox 461 4480 645 4568; x_wconf 79' lang='lat' dir='ltr'><strong>Anglorum</strong></span> <span class='ocrx_word' id='word_1_268' title='bbox 667 4480 812 4564; x_wconf 90' lang='lat' dir='ltr'><strong>antiquis</strong></span> <span class='ocrx_word' id='word_1_269' title='bbox 838 4479 995 4565; x_wconf 85' lang='lat' dir='ltr'><strong>scriptum</strong></span> <span class='ocrx_word' id='word_1_270' title='bbox 1026 4478 1211 4565; x_wconf 89' lang='lat' dir='ltr'><strong>reperimus,</strong></span> <span class='ocrx_word' id='word_1_271' title='bbox 1236 4484 1314 4568; x_wconf 90' lang='lat' dir='ltr'><strong>quia</strong></span> 
     </span>
     <span class='ocr_line' id='line_1_37' title="bbox 269 4582 1312 4675; baseline -0.004 -21"><span class='ocrx_word' id='word_1_272' title='bbox 269 4588 396 4675; x_wconf 89' lang='lat' dir='ltr'><strong>longius</strong></span> <span class='ocrx_word' id='word_1_273' title='bbox 419 4585 541 4651; x_wconf 89' lang='lat' dir='ltr'><strong>abillo</strong></span> <span class='ocrx_word' id='word_1_274' title='bbox 573 4583 665 4648; x_wconf 92' lang='lat' dir='ltr'><strong>Beda</strong></span> <span class='ocrx_word' id='word_1_275' title='bbox 685 4582 854 4647; x_wconf 80' lang='lat' dir='ltr'><strong>scribendo</strong></span> <span class='ocrx_word' id='word_1_276' title='bbox 887 4582 1129 4668; x_wconf 85' lang='lat' dir='ltr'><strong>generationem</strong></span> <span class='ocrx_word' id='word_1_277' title='bbox 1161 4606 1226 4649; x_wconf 93' lang='lat' dir='ltr'><strong>non</strong></span> <span class='ocrx_word' id='word_1_278' title='bbox 1256 4608 1312 4650; x_wconf 86' lang='lat' dir='ltr'><strong>ex-</strong></span> 
     </span>
     <span class='ocr_line' id='line_1_38' title="bbox 269 4684 1427 4775; baseline 0.002 -17"><span class='ocrx_word' id='word_1_279' title='bbox 269 4692 386 4772; x_wconf 84' lang='lat' dir='ltr'><strong>tendit,</strong></span> <span class='ocrx_word' id='word_1_280' title='bbox 409 4690 450 4755; x_wconf 90' lang='lat' dir='ltr'><strong>de</strong></span> <span class='ocrx_word' id='word_1_281' title='bbox 482 4688 641 4775; x_wconf 83' lang='lat' dir='ltr'><strong>sanguine</strong></span> <span class='ocrx_word' id='word_1_282' title='bbox 670 4685 741 4753; x_wconf 90' lang='lat' dir='ltr'><strong>eius</strong></span> <span class='ocrx_word' id='word_1_283' title='bbox 771 4690 907 4750; x_wconf 80' lang='lat' dir='ltr'><strong>exortus</strong></span> <span class='ocrx_word' id='word_1_284' title='bbox 937 4684 1064 4751; x_wconf 88' lang='lat' dir='ltr'><strong>Beorno</strong></span> <span class='ocrx_word' id='word_1_285' title='bbox 1087 4686 1311 4756; x_wconf 88' lang='lat' dir='ltr'><strong>Orientalibus</strong></span> <span class='ocrx_word' id='word_1_286' title='bbox 1321 4706 1427 4759; x_wconf 76' lang='lat' dir='ltr'><strong>Beona</strong></span> 
     </span>
    </p>
   </div>
   <div class='ocr_carea' id='block_1_3' title="bbox 0 0 1776 5800">
    <p class='ocr_par' dir='ltr' id='par_1_11' title="bbox 0 0 1776 5800">
     <span class='ocr_line' id='line_1_39' title="bbox 0 0 1776 5800; baseline 0 6"><span class='ocrx_word' id='word_1_287' title='bbox 0 0 1776 5800; x_wconf 95' lang='lat' dir='ltr'><strong> </strong></span> 
     </span>
    </p>
   </div>
  </div>
 </body>
</html>
