3542 5800
471 875 537 939 206
737 885 803 938 nro.
827 887 874 937 nn
896 887 1028 939 ornnes.
1051 887 1140 939 arec.
1163 887 1256 940 nnn·

906 1385 985 1452 Car.
1010 1384 1084 1449 LII.
1132 1379 1135 1386 '
1194 1373 1199 1382 ’

300 1537 454 1588 sesima
473 1529 517 1601 Ut
545 1527 775 1600 AEtbeldc‘itluc
802 1532 926 1618 reniero
955 1533 1052 1618 ciryo
1079 1539 1247 1620 perpetuo
1272 1529 1515 1618 pernecessarii,

512 1633 615 1701 caios
643 1656 704 1701 saec
738 1657 859 1723 corpus
888 1634 932 1704 isc
957 1643 1178 1702 mmanmnto
1209 1633 1387 1721 coaranipi
1413 1639 1516 1720 potn-

510 1734 582 1805 ecit.

298 1915 398 1966 AEnd·
510 1903 662 1968 Accam
691 1908 802 1968 autem
831 1923 891 1967 rex
922 1899 1223 1967 Northumbrornm
1258 1901 1412 1989 Egiridus
1439 1923 1514 1966 con·

299 1982 453 2114 ξξξξςῄή
464 2006 575 2092 iugem
604 2004 869 2081 acherontiam,
901 2004 1004 2069 anam
1035 2005 1143 2070 Anna
1171 2005 1257 2090 rega
1295 2004 1511 2070 Orientalium

299 2115 434 2181 ofltgffid
465 2106 656 2195 Anglorum‚
681 2108 772 2174 cuius
798 2107 916 2192 saepius
939 2107 1141 2172 mentionem
1168 2105 1311 2183 fecimus,
1336 2107 1403 2172 viri
1429 2107 1513 2172 benc

463 2209 614 2296 religiosi,
642 2231 679 2275 ao
703 2231 762 2296 per
785 2210 896 2274 omnia
921 2214 1030 2274 mente
1054 2213 1088 2273 et
1111 2231 1207 2295 opere
1234 2210 1377 2296 egregii:
1414 2229 1513 2294 quam

464 2317 498 2377 et
529 2312 614 2376 alter
639 2317 774 2378 stante
800 2311 896 2376 illum
917 2311 970 2376 vir
999 2309 1158 2376 habuerat
1193 2333 1336 2390 uxorem,
1363 2312 1512 2397 princeps

462 2413 617 2478 videlicet
644 2414 850 2478 Australium
874 2411 1073 2489 Gimiorum,
1106 2414 1264 2479 vocabulo
1296 2413 1511 2479 Tondbertus.

464 2514 530 2581 Sed
555 2514 613 2580 illo
634 2520 709 2601 post
740 2515 905 2581 modicum
930 2516 1086 2601 temporis
1113 2537 1155 2580 ex
1181 2537 1246 2601 quo
1278 2537 1351 2580 eam
1387 2517 1513 2602 accepit

463 2617 625 2695 defuncto,
642 2617 721 2682 data
735 2625 785 2684 est
807 2617 945 2704 praefato
959 2617 1028 2703 regi
1051 2617 1211 2705 Egirido:
1237 2618 1328 2683 cirins
1350 2617 1513 2683 consortio

462 2741 537 2784 cum
568 2719 739 2786 duodecim
770 2719 865 2785 annis
903 2723 1060 2799 uteretur,
1093 2726 1251 2807 perpetua
1286 2725 1398 2786 tamen
1439 2739 1511 2806 per-

462 2819 585 2886 mansit
622 2821 824 2910 virginitatis
862 2819 1054 2909 integnitate
1084 2820 1246 2909 gloriosa3
1284 2821 1369 2887 sicut
1405 2821 1512 2888 beatae

461 2925 627 2992 memoriae
673 2924 844 2991 Wilfridns
894 2925 1061 3011 episcopus
1106 2924 1277 3003 referebat,
1316 2926 1425 2990 dicens
1477 2946 1513 2991 se

462 3033 580 3094 testem
617 3027 818 3113 integritatis
856 3027 926 3092 eins
969 3047 1038 3091 csse
1075 3026 1312 3092 certissimum:
1353 3029 1434 3103 adeo
1471 3031 1511 3091 nt

463 3129 620 3217 Egiridus
640 3149 699 3193 rex
724 3126 911 3216 promiserit
934 3148 968 3193 se
991 3128 1021 3193 ei
1036 3130 1141 3193 terras
1164 3150 1202 3194 ac
1216 3130 1370 3215 pecunim
1389 3128 1511 3194 multas

462 3252 530 3297 esse
562 3232 769 3309 donatum,
794 3230 823 3295 si
851 3230 975 3317 reginae
1004 3234 1114 3316 posset
1140 3231 1333 3318 persuadere
1360 3232 1430 3296 eins
1459 3230 1512 3295 uti

462 3332 634 3414 connubio,
658 3332 736 3418 quia
757 3330 881 3397 sciebat
903 3332 996 3396 illam
1018 3332 1149 3397 nullum
1178 3334 1324 3399 virorum
1354 3334 1428 3419 plus
1453 3333 1512 3399 illo

461 3434 603 3521 diligere.
648 3434 721 3500 Nec
746 3432 960 3500 diffidendum
984 3439 1034 3499 est
1057 3440 1171 3501 nostra
1193 3437 1295 3501 etiam
1318 3440 1416 3501 aetate
1438 3435 1511 3500 fieri

459 3537 611 3622 potuisse,
656 3537 743 3622 quod
792 3558 864 3603 aevo
911 3536 1115 3623 praecedente
1152 3538 1349 3622 aliquotiens
1385 3536 1509 3603 factum

459 3636 571 3703 fideles
603 3636 747 3704 historiae
773 3643 932 3720 narrant3
955 3638 1100 3706 donante
1137 3660 1205 3704 nno
1239 3640 1417 3725 eodemque
1441 3640 1508 3705 Do-

458 3740 556 3820 mino,
584 3738 642 3828 qui
677 3761 712 3807 se
735 3741 903 3807 nobiscum
929 3740 1092 3828 usquein
1116 3742 1216 3807 finem
1240 3742 1349 3806 saeculi
1376 3762 1509 3806 manere

319 3848 322 3851 ⁴
457 3842 639 3930 pollicetur.
685 3842 775 3909 Nam
806 3844 908 3910 etiam
935 3842 1066 3930 signnm
1100 3842 1217 3909 Divini
1251 3844 1408 3921 miraculi,
1443 3864 1508 3929 quo

458 3946 602 4013 eiusdem
639 3946 771 4013 feminae
811 3946 941 4033 sepulta
974 3968 1049 4011 caro
1091 3946 1254 4031 connmpi
1286 3967 1354 4010 non
1385 3946 1506 4033 potnit,

457 4049 579 4115 indicio
616 4054 667 4115 est
712 4048 791 4136 quia
834 4070 855 4112 a
895 4048 985 4113 virili
1028 4053 1181 4114 contactu
1210 4050 1400 4137 incorrupta
1436 4070 1508 4135 per-

458 4151 634 4217 duraverit.

292 4266 437 4324 sneentm
503 4251 585 4331 Qus
613 4253 757 4318 multum
787 4252 845 4317 diu
874 4272 984 4338 regem
1008 4252 1177 4339 postulans
1206 4257 1246 4317 ut
1275 4252 1386 4319 saeculi
1415 4275 1509 4319 curas

288 4349 418 4469 Qu*
457 4353 665 4439 relinqueret,
700 4358 801 4440 atque
835 4352 871 4417 in
901 4355 1098 4419 monasterio
1135 4358 1269 4419 tantum
1306 4376 1385 4420 vero
1423 4354 1508 4443 Regi

459 4452 591 4520 Ohn'sto
617 4454 741 4519 servire
772 4455 1039 4541 permitteretur3
1070 4455 1129 4521 ubi
1152 4456 1213 4521 vix
1242 4456 1418 4543 aliquando
1447 4458 1509 4523 im-

456 4556 611 4645 petravit,
646 4557 787 4621 intravit
817 4558 1052 4623 monasterium
1082 4558 1186 4625 Ebbae
1216 4559 1398 4637 abbatissa,
1432 4580 1507 4645 quse

456 4663 527 4725 erat
551 4660 654 4724 amita
674 4659 763 4745 regis
787 4658 923 4745 Egffidi,
939 4662 1083 4747 positum
1109 4660 1145 4725 in
1169 4660 1241 4727 loco
1265 4680 1363 4748 quem
1387 4662 1506 4728 Ooludi

457 4761 584 4829 Urbem
630 4762 813 4842 nominant,
858 4768 992 4850 accepto
1040 4761 1203 4829 velamine
1250 4766 1507 4831 sanctimonialis
