3542 5800
458 867 525 934 280
725 881 791 932 mc.
815 879 862 931 na
883 880 1015 932 manua
1037 881 1124 934 sura
1148 881 1232 933 n1sr.

457 1069 500 1136 ab
524 1069 702 1157 iniquitate
727 1091 880 1138 revoeare
906 1071 1029 1152 voleus,
1056 1069 1309 1158 “Quodcunque
1320 1071 1337 1098 ’'
1365 1068 1496 1158 inquitl

459 1177 601 1259 “potest
630 1195 747 1240 manus
768 1180 830 1240 tua
850 1173 965 1252 faeere,
989 1173 1155 1242 instanter
1185 1195 1327 1261 operare,
1342 1175 1420 1261 quia
1441 1195 1502 1240 neo

456 1296 547 1361 opus,
570 1297 630 1342 neo
659 1275 805 1358 seientia,
829 1297 890 1342 noo
914 1275 999 1342 ratio
1030 1281 1128 1342 erunt
1158 1277 1246 1364 apud
1275 1275 1401 1355 inferos,
1432 1297 1497 1362 quo

456 1382 497 1442 tu
518 1378 697 1466 properas''
750 1378 950 1446 Studeamus
978 1379 1090 1466 itaque
1120 1379 1205 1445 lano
1233 1379 1496 1446 ammonitionem

456 1481 633 1569 diligenter
645 1483 824 1564 attendere,
839 1486 875 1548 et
897 1481 1098 1548 intellectam
1115 1481 1210 1547 bonis
1231 1482 1384 1569 operibus
1396 1481 1499 1547 adim-

457 1584 552 1669 plere,
575 1607 628 1665 ne,
642 1605 717 1651 eum
738 1584 867 1652 venerit
892 1585 1061 1650 inoarnata
1084 1583 1147 1650 Dei
1170 1583 1341 1671 Sapientia
1362 1585 1400 1650 in
1421 1583 1500 1671 igne

456 1687 610 1752 sanilam
633 1687 783 1764 iudieare,
811 1687 907 1754 nobis
928 1686 1178 1776 improperando
1201 1686 1338 1774 incipiat
1358 1685 1499 1754 dioeraz‘²

457 1795 475 1823 “
489 1789 542 1852 En
555 1788 717 1876 proferam
731 1790 826 1856 vobis
840 1788 1002 1877 Spiritum
1023 1811 1140 1866 meum,
1157 1792 1192 1854 et
1206 1789 1376 1855 ostendam
1398 1789 1499 1854 verba

455 1913 535 1958 mea
581 1893 705 1958 Voeavi
726 1913 794 1973 vos,
821 1898 856 1958 et
877 1892 1053 1972 renuistis3
1076 1891 1211 1958 extendi
1233 1913 1366 1957 manum
1381 1913 1497 1970 meam,

455 1999 490 2061 et
511 2015 579 2060 non
600 2000 671 2062 erat
690 1996 748 2082 qui
769 1995 934 2083 aspiceret
982 1994 1184 2082 Despexistis
1208 2015 1304 2060 omne
1326 1995 1498 2060 eonsilium

455 2119 573 2175 meum,
597 2103 632 2164 et
656 2097 893 2186 increpationes
919 2119 1008 2164 meas
1030 2097 1227 2184 neglexistis
1273 2097 1344 2184 Ego
1369 2119 1497 2184 quoque

453 2200 490 2264 in
505 2199 644 2266 interitu
665 2206 774 2266 vestro
788 2200 909 2283 ridebo,
935 2205 969 2266 et
991 2197 1198 2266 subsannabo
1214 2221 1287 2266 oum
1301 2200 1395 2266 vobis
1410 2201 1498 2288 quod

452 2322 522 2367 non
547 2302 724 2368 timebatis
738 2300 937 2370 advenerit.'’

500 2403 662 2483 Quoniam
685 2405 845 2491 tantisper
870 2406 911 2470 de
935 2405 986 2472 his
1007 2426 1050 2469 ex
1073 2403 1191 2491 quibus
1216 2405 1296 2472 certi
1320 2427 1432 2471 sumus
1455 2407 1498 2472 ad

454 2505 704 2572 aedifioationem
733 2512 878 2572 vestram
908 2507 1053 2592 aliquam
1090 2507 1322 2594 digressionem
1353 2507 1496 2590 fecimus,

453 2607 524 2674 haeo
537 2608 632 2674 vobis
654 2609 750 2674 modo
765 2609 853 2675 diota
873 2608 1056 2688 sufficiant5
1078 2613 1223 2674 aeterum
1237 2609 1280 2676 ad
1301 2611 1497 2678 narrationis

452 2717 573 2778 nostrae
598 2711 802 2798 propositum
823 2717 931 2798 ooepto
953 2711 1066 2778 ordine
1088 2710 1263 2778 redeamus.

496 3140 748 3208 commemo.
793 3138 844 3207 na
864 3161 899 3207 a
922 3139 1013 3227 qaod
1036 3139 1257 3208 nauem
1281 3110 1451 3211 nesam

606 3242 807 3329 wadiam
827 3249 978 3329 tyrosmw
1000 3264 1148 3311 meamea
1165 3241 1346 3331 ammisit

282 3468 426 3523 maereat
497 3454 657 3521 Seuerus
681 3456 784 3543 igitur
806 3454 1031 3522 AEthelbertus
1054 3454 1190 3521 veniens
1211 3456 1247 3521 in
1277 3476 1378 3544 regno
1409 3458 1495 3524 Mer-

284 3538 424 3655 fflg‘*
451 3555 575 3623 ciorum
596 3558 643 3623 ad
663 3558 827 3644 quendam
849 3558 959 3623 vicum
983 3558 1118 3645 regium,
1142 3560 1199 3645 qui
1222 3558 1311 3624 Villa
1332 3560 1497 3627 Australis

283 3667 349 3723 ota
451 3683 472 3725 a
501 3660 621 3747 populo
651 3661 766 3747 potriae
796 3660 974 3741 dicebatur,
1005 3660 1041 3725 in
1072 3660 1214 3748 quadam
1244 3661 1290 3727 ibi
1322 3666 1494 3750 campestri

288 3797 296 3811 ·
450 3762 588 3849 planitie
602 3762 783 3829 tentorium
807 3784 902 3829 suum
926 3763 1010 3841 fixit,
1028 3769 1062 3831 et
1076 3764 1221 3833 maximo
1243 3765 1373 3839 honoris
1395 3766 1494 3853 glori·

449 3888 542 3953 aeque
556 3865 701 3953 tripudio
714 3867 751 3931 in
765 3866 878 3933 eodem
900 3866 1066 3933 tenitorio
1089 3868 1302 3954 pernoctavit.
1348 3867 1496 3935 Plurima

449 3974 561 4037 autem
575 3968 734 4057 regalium
748 3973 1013 4035 ornamentorum
1036 3968 1179 4056 insignia
1192 3969 1336 4036 infausto
1351 3976 1494 4057 tyranno

448 4072 616 4159 premisit,
644 4094 719 4159 quoa
744 4071 830 4137 idem
858 4071 1006 4158 prinaeps
1032 4072 1069 4137 in
1094 4074 1258 4159 praeoipua
1281 4074 1494 4141 veneratione

449 4196 523 4239 oum
544 4176 725 4261 gratiarum
739 4174 866 4239 actione
881 4172 1030 4260 suseepit
1076 4172 1325 4241 Verumtamen³
1346 4176 1383 4240 in
1397 4177 1492 4243 eorde

447 4297 508 4340 suo
543 4276 698 4343 adversus
734 4280 884 4343 sanetum
921 4274 984 4341 Dei
1021 4274 1244 4345 fraudulenter
1280 4276 1357 4365 ogit,
1395 4278 1493 4347 sicuti

448 4380 562 4463 postea
582 4379 629 4443 rei
651 4383 790 4445 eventus
811 4376 1015 4466 approbavit.

479 4704 700 4764 'Eodainlo

481 4791 659 4846 'Prot-itt.
