3542 5800
477 879 524 929 nr
546 878 663 929 aasms
684 879 806 929 mauu
828 879 1012 930 suan-11.
1030 869 1082 933 30.
1231 866 1295 939 12⁷

245 1070 284 1129 ut
298 1065 357 1151 qui
371 1086 431 1130 vos
444 1064 651 1152 inpraesenti
674 1064 794 1131 saeculo
821 1067 974 1133 exomni
999 1088 1105 1135 errore
1128 1070 1295 1136 absolutos

245 1168 288 1232 ad
310 1168 513 1255 agnitionem
540 1168 592 1233 sui
616 1168 759 1234 nonrinis
785 1174 836 1235 est
865 1170 1021 1257 dignatus
1051 1170 1233 1259 perducere,
1259 1179 1294 1239 et

245 1269 386 1337 coelestis
415 1271 535 1357 patriae
560 1270 657 1337 vobis
686 1276 851 1359 praeparst
879 1274 1090 1339 mansionem.
1135 1273 1295 1341 Praedioa

245 1373 326 1438 toris
354 1372 460 1459 igitur
488 1372 593 1439 vestri
632 1373 757 1438 domini
798 1374 865 1439 mei
906 1374 1091 1462 apostolice
1130 1378 1296 1444 memoriae

246 1474 396 1561 Gregorii
409 1475 597 1560 frequenter
609 1475 749 1541 lectione
767 1476 925 1563 occupati,
942 1498 1010 1563 proe
1025 1478 1126 1543 oculis
1140 1478 1296 1545 affectum

246 1577 404 1643 doctrinm
432 1578 543 1665 ipsius,
574 1599 674 1664 quem
703 1600 762 1665 pro
798 1580 919 1645 vestris
951 1579 1124 1645 animabus
1153 1578 1295 1647 libenter

246 1682 402 1758 exercuit,
433 1680 608 1747 habetote:
648 1680 807 1766 quatinus
843 1682 914 1747 eius
954 1682 1059 1747 oratio
1095 1688 1129 1747 et
1159 1704 1295 1769 regnum

245 1789 394 1849 vestrum
419 1783 641 1870 populumque
670 1788 798 1869 augeat,
823 1787 860 1848 st
885 1804 946 1848 vos
971 1783 1199 1870 omnipotenti
1225 1785 1297 1851 Deo

245 1884 545 1973 irreprehensibiles
584 1889 804 1972 repraesentet
863 1884 914 1951 Ea
938 1907 1018 1950 vero
1048 1906 1122 1970 quse
1152 1906 1173 1950 a
1202 1886 1297 1951 nobis

245 2008 303 2073 pro
329 1988 450 2054 vestris
479 1987 705 2053 sacerdotibus
734 1987 921 2053 ordinanda
950 1988 1114 2073 sperastis,
1140 1988 1208 2055 hac
1238 2010 1297 2075 pro

244 2089 322 2155 fidei
335 2095 457 2156 vcstrae
479 2090 679 2169 sinceritate,
695 2111 770 2174 quae
795 2090 892 2156 nobis
917 2090 1113 2155 multimoda
1138 2088 1296 2157 relatione

245 2212 304 2278 per
330 2193 544 2279 praesentium
573 2192 753 2279 portitores
794 2190 1007 2257 laudabiliter
1037 2192 1206 2259 insinuata
1236 2200 1296 2275 est,

243 2296 391 2381 gratuito
419 2296 530 2361 animo
565 2294 750 2360 attribuere
779 2294 848 2359 ulla
884 2292 956 2359 sine
987 2294 1145 2361 dilatione
1175 2296 1296 2384 praevi-

245 2398 378 2477 demus3
416 2402 451 2463 st
479 2397 546 2463 duo
575 2396 677 2484 pallia
706 2402 923 2482 utrorumque
953 2397 1294 2483 metropolitanorum,

243 2499 280 2566 id
309 2506 370 2580 est,
401 2500 551 2566 Honorio
580 2504 616 2565 st
645 2499 787 2564 Paulino
817 2498 1008 2581 direximus,
1039 2505 1080 2565 ut
1110 2500 1189 2565 dum
1219 2502 1294 2587 quis

244 2622 356 2669 sorum
382 2602 424 2667 de
447 2603 509 2669 hoc
533 2601 652 2668 saeculo
675 2602 718 2666 ad
742 2601 923 2667 Auctorem
949 2621 1045 2667 suurn
1060 2601 1164 2668 fuerit
1189 2624 1293 2669 accer-

242 2706 334 2786 situs,
349 2705 387 2769 in
406 2703 477 2771 loco
502 2702 605 2791 ipsius
626 2708 790 2791 superstes
810 2703 953 2769 alterum
976 2706 1160 2792 episcopum
1176 2726 1218 2771 ex
1233 2706 1294 2773 hac

242 2813 357 2874 nostra
378 2806 559 2873 autoritate
584 2806 702 2872 debeat
725 2806 907 2893 subrogare.
954 2806 1051 2887 Quod
1074 2808 1208 2895 quidem
1222 2814 1292 2875 tam

243 2933 303 2998 pro
328 2914 451 2978 vestrae
474 2909 625 2976 caritatis
657 2909 786 2991 affectu,
813 2931 914 2996 quam
939 2931 999 2994 pro
1025 2915 1196 2977 tantarum
1222 2933 1294 2998 pro-

243 3014 428 3080 vinciarum
448 3013 556 3100 spatio
582 3033 657 3097 quae
680 3010 769 3078 inter
793 3033 854 3080 nos
876 3017 913 3078 et
927 3033 986 3078 vos
1011 3033 1079 3078 esse
1102 3019 1292 3095 noscuntur,

243 3139 355 3182 sumus
394 3115 533 3181 invitati
572 3115 757 3197 concedere,
787 3121 828 3180 ut
864 3115 901 3179 in
931 3113 1085 3180 omnibus
1124 3116 1294 3182 devotioni

244 3228 362 3288 vestrae
392 3225 542 3285 nostrum
579 3238 771 3285 sonan-sum
802 3223 837 3284 et
867 3219 964 3282 iuxta
993 3223 1104 3283 vestra
1133 3218 1294 3285 desideria

244 3323 469 3410 preberemus
526 3320 729 3388 Incolumem
755 3319 982 3387 excellentiam
1011 3325 1156 3388 vestram
1185 3323 1294 3410 gratia

245 3447 386 3513 superna
407 3421 603 3490 custodiat’'

288 3529 384 3594 Inter
412 3527 482 3593 haec
511 3525 630 3592 Justus
661 3523 920 3612 archiepiscopus
949 3525 992 3590 ad
1026 3525 1171 3592 caelestia
1193 3543 1364 3614 regnaBeu
1377 3543 1402 3596 ii.
1417 3549 1455 3598 ιιι.

245 3632 393 3698 sublatus
417 3635 468 3695 cst
493 3633 610 3714 quarto
634 3627 749 3692 iduum
776 3625 1016 3692 Novembrium
1043 3627 1103 3706 die,
1123 3634 1157 3695 et
1179 3628 1391 3696 Hono-Justus
1400 3644 1460 3703 dies,

244 3735 310 3799 rius
351 3752 410 3818 pro
459 3730 519 3795 illo
564 3730 601 3795 in
645 3727 861 3815 praesrrlatum
910 3729 1052 3794 electus:
1102 3731 1159 3816 qui
1206 3711 1371 3828 ordi-{3
1383 3717 1439 3829 ¹325·

244 3835 371 3900 naudus
400 3833 493 3898 venit
523 3832 566 3897 ad
595 3831 780 3908 Paulinum,
808 3836 843 3896 et
867 3837 1054 3896 occurrente
1081 3832 1144 3896 sibi
1173 3831 1432 3921 ffl⁰ifl110n0rius

245 3936 454 4002 Lindscolnio
478 3934 616 4021 quintus
639 3934 682 3998 ab
705 3933 893 4020 Augustino
917 3933 1173 3999 Dorobemensis
1196 3935 1442 4016 soelsfluhmh·

244 4039 300 4106 sias
323 4043 528 4105 consematus
553 4043 605 4103 est
627 4037 773 4102 antistes.
820 4035 884 4102 Orsi
912 4038 1012 4102 etiam
1034 4036 1192 4123 praefatus
1207 4059 1293 4124 papa
1303 4004 1435 4122 EQ&

244 4142 411 4208 Honorius
434 4141 527 4206 misit
548 4139 684 4226 pallium
708 4145 743 4206 st
765 4139 900 4218 litteras,
932 4141 969 4204 in
999 4139 1117 4224 quibus
1148 4139 1376 4207 deserniabus·

243 4245 303 4311 hoo
321 4245 439 4332 ipsum,
464 4243 553 4328 quod
577 4241 615 4307 in
638 4241 776 4328 epistola
795 4242 838 4307 erl
862 4241 1040 4308 Edwinum
1062 4261 1171 4328 regem
1193 4244 1293 4310 missa

243 4348 449 4414 demerent:
473 4345 596 4411 scilicet
625 4349 665 4410 ut
693 4363 768 4410 cum
797 4343 1056 4410 Dorobemensis
1085 4345 1139 4410 vel
1170 4345 1293 4413 Ebora-

243 4452 346 4517 csnsis
374 4449 513 4516 antistes
543 4447 584 4512 de
613 4446 675 4512 hac
702 4447 775 4512 vita
803 4447 977 4526 manserit,
1009 4448 1120 4534 isqui
1146 4455 1293 4536 superest

243 4575 370 4619 consors
396 4551 541 4617 eiusdem
564 4549 693 4637 madae,
717 4548 839 4614 habeat
860 4553 1058 4636 potestatem
1081 4550 1220 4616 alterum
1244 4574 1293 4617 or-

245 4649 386 4734 dinandi,
402 4648 440 4720 in
461 4645 626 4719 iocosius
649 4649 708 4739 qui
730 4649 915 4730 transierat,
941 4653 1163 4734 sacerdotem3
1187 4675 1229 4718 ne
1249 4653 1294 4718 sit

244 4780 369 4828 necesse
390 4757 435 4824 ad
460 4757 643 4824 Romanm
672 4775 776 4840 usque
799 4753 968 4821 civitatem
994 4777 1053 4842 per
1073 4759 1145 4822 tam
1163 4755 1293 4844 prolixa
