3542 5800
482 929 528 976 un
550 926 665 977 ursule
686 926 808 978 resurr
829 925 1014 976 suun-11.
1037 911 1087 978 64.
1249 907 1311 980 271

267 1114 390 1200 ubique
423 1114 467 1179 eb
497 1113 555 1180 illo
588 1113 758 1201 dirigatur,
790 1133 930 1198 eumque
959 1133 1019 1178 sue
1048 1113 1156 1200 gretie
1177 1117 1211 1178 et
1231 1131 1316 1198 pree·
1435 1102 1437 1110 '

268 1218 382 1283 veniet
403 1223 438 1282 et
459 1221 639 1303 sequutum
661 1216 697 1282 in
726 1215 861 1303 psalmis
883 1222 919 1282 et
943 1214 1097 1302 hymnie¹
1126 1219 1162 1282 et
1182 1213 1318 1282 osntiois

269 1319 425 1385 offerebat
455 1319 528 1384 Deo
558 1317 753 1384 sucrificium
774 1317 889 1397 leudis,
920 1324 954 1386 et
980 1317 1192 1406 depromebat
1215 1316 1318 1384 Altis·

268 1421 349 1488 eimo
371 1422 512 1488 iooundu
533 1427 614 1488 vote
634 1421 683 1509 pii
705 1420 818 1488 oordis
864 1421 894 1488 Ο
917 1443 1017 1508 quem
1039 1421 1179 1508 glorioso
1202 1419 1318 1498 oratio,

268 1547 366 1611 quam
388 1524 545 1612 prseolare
566 1525 639 1590 vito
660 1523 747 1611 regis
768 1527 804 1590 et
824 1545 917 1612 puro,
945 1525 1078 1610 quondo
1102 1523 1250 1592 Creatori
1272 1522 1318 1588 eio

268 1628 389 1694 servire
411 1628 534 1714 sategit
564 1625 733 1694 ereeturel
779 1625 993 1713 Symphoniae
1022 1625 1159 1692 melodis
1182 1645 1317 1690 oonoen·

267 1731 357 1798 tibus
377 1730 543 1798 matutine
558 1729 695 1817 synaxis
716 1728 879 1814 expletur,
894 1733 929 1796 et
949 1728 1082 1816 gloriosi
1104 1727 1191 1816 regie
1212 1727 1316 1793 omtio

267 1839 452 1900 ssnetomm
489 1832 695 1900 emtionibus
731 1831 947 1898 emmisoetur.
994 1831 1141 1898 'leudem
1174 1829 1318 1896 tenebris

267 1957 383 2004 aurore
403 1936 544 2004 rutilans
566 1935 721 2023 effugetis
742 1934 837 2014 redit,
868 1939 903 2000 et
925 1939 1001 2020 poet
1022 1937 1156 2020 peraeto
1177 1932 1317 1998 matuti-

265 2061 384 2108 narum
405 2039 576 2106 sollemnia
597 2039 711 2126 pulcro
744 2036 889 2104 diluculo
911 2036 960 2102 eol
982 2041 1116 2104 exortus
1142 2035 1317 2102 inmlesoit.

267 2142 392 2209 diteris
413 2141 558 2208 ministri
587 2140 687 2208 eeerie
721 2139 870 2206 vestibus
899 2140 1106 2219 induuntur;
1138 2159 1254 2226 eorpus
1282 2142 1317 2205 et

266 2245 398 2331 eenguie
436 2243 561 2312 Christi
598 2243 635 2308 in
672 2243 804 2309 odorem
842 2241 1019 2308 suavitatis
1056 2242 1129 2308 Deo
1155 2247 1190 2308 et
1224 2240 1317 2306 Petri

266 2347 472 2428 offeruntur;
493 2346 595 2412 misse
615 2344 819 2412 sollemniter
840 2349 876 2410 et
890 2344 1009 2412 festive
1024 2344 1227 2424 eelebretur3
1257 2365 1317 2410 rex

264 2449 383 2516 beatus
420 2449 459 2514 in
502 2448 647 2515 leerimis
691 2452 727 2515 et
770 2453 958 2514 esnetumm
1004 2469 1136 2536 precum
1173 2447 1317 2514 victimis

265 2551 436 2618 Altiesimo
450 2551 652 2618 humilietur.
698 2551 840 2638 Expleto
854 2573 986 2638 quoque
1006 2555 1111 2618 tentae
1133 2549 1317 2616 devotionis

265 2655 418 2742 obsequio
440 2653 628 2741 sigueoulo²
651 2653 754 2719 erneis
770 2652 894 2720 Christi
917 2675 1033 2740 eorpus
1050 2675 1146 2719 euum
1169 2652 1212 2718 eb
1227 2653 1316 2718 omni

264 2763 359 2844 purte
396 2757 550 2835 munivit,
588 2761 624 2822 et
661 2753 827 2822 Salvatori
864 2757 1056 2824 soeculorum
1093 2756 1220 2822 itineris
1264 2755 1315 2822 eui

264 2882 374 2927 eurum
405 2859 643 2939 commendans,
676 2859 862 2927 valedioeus
895 2859 981 2927 elero
1012 2869 1045 2927 et
1074 2859 1203 2948 populo,
1228 2858 1314 2927 ostiu

264 2964 413 3051 deinoeps
434 2961 518 3051 pro⁸
539 2961 649 3031 dolorl
672 2984 740 3029 uon
753 2962 920 3031 rediturus
942 2961 1055 3030 exivit

264 3404 512 3473 commendo.
558 3404 609 3473 De
639 3425 674 3473 eo
706 3404 798 3494 quod
826 3411 935 3473 muter
965 3426 1030 3471 sesa
1065 3402 1124 3474 too
1152 3406 1185 3473 et
1214 3426 1311 3493 rsepo-

632 3508 728 3575 tr'sum
757 3507 941 3575 dtesrsadet.

307 3699 501 3765 Permosue
519 3698 583 3765 Dei
603 3698 730 3765 athlete
749 3698 975 3767 AEthelbertue
994 3700 1102 3766 ouium
1122 3700 1344 3837 ingrediensm
1318 3720 1395 3771 mue
1396 3722 1450 3774 lber

263 3807 365 3870 tantm
394 3804 465 3869 eius
498 3802 656 3889 dignitati
687 3824 748 3889 pro
773 3804 845 3869 loeo
874 3809 910 3869 et
947 3808 1091 3891 temporo
1122 3788 1388 3904 ιιοιιςιιιιιιιι,’ᾙξζξὲ1

262 3906 466 3972 vestimentis
494 3906 607 3993 gloriae
635 3906 790 3993 regaliter
817 3906 1004 3986 edometur,
1032 3914 1066 3973 et
1096 3908 1137 3972 ed
1167 3855 1437 3984 masremagams
1387 3856 1470 3973 alell

262 4030 353 4075 sunm
378 4010 545 4075 lieentiem
575 4009 645 4075 eius
670 4014 705 4075 et
727 4008 989 4077 benedictionem
1018 4010 1187 4097 postulone
1217 4002 1365 4103 indi-,1⁹¹⁰
1365 3991 1442 4053 1³⁰⁸&

262 4117 367 4178 uetur.
433 4112 727 4201 Apprehendentee
770 4116 882 4179 eutem
926 4118 1059 4179 mutuas
1103 4134 1219 4181 munus
1265 4056 1342 4179 edal
1320 4122 1380 4173 with
1393 4122 1457 4175 om.

261 4215 402 4281 iuvioem
426 4221 718 4303 sequestraverunt
739 4239 773 4283 se
794 4216 883 4281 filius
905 4219 941 4281 et
962 4220 1068 4281 meter
1091 4216 1133 4282 eb
1156 4216 1309 4283 universo

261 4318 400 4385 eliorum
437 4325 526 4387 ooetu
563 4341 717 4397 seorsum,
753 4317 900 4385 vicissim
937 4318 1020 4385 oolls
1056 4340 1115 4385 sue
1151 4320 1311 4387 alterutro

261 4422 385 4508 pietate
422 4422 646 4491 deosculantes
689 4422 878 4509 mutuisque
916 4422 1068 4490 lumentis
1106 4426 1141 4490 et
1176 4422 1310 4491 fletibus
