3542 5800
477 904 524 954 ns
546 887 663 954 orsus
685 903 805 954 moun
827 904 1009 954 anou--rr
1033 891 1085 954 61.
1226 889 1290 954 205

287 1089 357 1155 Ubi
386 1091 518 1156 silentio
543 1090 808 1176 praetereundum
832 1112 900 1156 non
931 1111 1000 1156 esse
1025 1111 1105 1166 reor,
1137 1090 1225 1176 quod
1254 1089 1443 1154 maranum

242 1193 403 1279 primitias
427 1215 539 1259 eorum
565 1193 688 1280 quide
714 1193 822 1258 insula
847 1194 961 1258 eadem
987 1193 1146 1260 eredendo
1170 1193 1289 1258 salvati
1301 1165 1423 1284 lm„
1433 1235 1464 1286 οἵ

242 1301 327 1372 sunt,
358 1295 424 1360 duo
453 1295 536 1381 regii
565 1295 659 1381 pueri
691 1294 817 1375 fratres,
840 1295 995 1360 videlieet
1024 1295 1172 1360 Arwoldi
1207 1296 1292 1383 regis
1307 1301 1416 1352 Anno.

242 1396 358 1462 insulae
383 1396 558 1483 praedictae,
581 1396 714 1483 speciali
737 1402 816 1462 sunt
839 1395 902 1462 Dei
924 1398 1033 1484 gratia
1054 1399 1220 1463 eoronati:
1248 1398 1292 1462 si·

243 1499 376 1584 quidem
390 1498 640 1564 imminentibus
654 1498 770 1564 insulse
785 1497 944 1578 hostibus,
960 1499 1040 1585 fuga
1059 1499 1143 1586 lapsi
1158 1503 1237 1564 sunt
1252 1499 1292 1564 de

243 1601 358 1678 insula,
379 1607 414 1667 et
436 1601 472 1666 in
492 1601 677 1687 proximam
697 1598 870 1665 Jutarum¹
888 1601 1091 1687 provinciam
1115 1601 1288 1668 translati:

243 1702 303 1768 nbi
335 1726 410 1768 oum
434 1703 537 1768 delati
561 1703 727 1768 inlocum
753 1701 811 1788 qui
835 1707 974 1768 vocatur
995 1708 1012 1738 “
1030 1702 1085 1768 Ad
1107 1701 1293 1790 Iapidem‚''

244 1805 454 1870 oocultandos
485 1827 519 1870 se
550 1826 572 1868 a
593 1803 676 1869 faeie
700 1803 787 1890 regis
811 1803 946 1870 viatoris
969 1803 1189 1880 credidissent,
1217 1825 1292 1890 pro-

244 1906 306 1971 diti
322 1913 401 1971 sunt
424 1911 525 1991 atque
549 1905 763 1972 oooidiiussi
809 1904 906 1984 Quod
928 1925 1002 1970 oum
1024 1905 1168 1972 audisset
1191 1906 1293 1972 abbas

243 2009 379 2092 quidam
401 2013 437 2073 et
459 2007 639 2095 presbyter,
659 2007 820 2072 vocabulo
847 2005 1056 2084 Kinebertus,
1082 2007 1205 2072 habens
1226 2029 1292 2074 non

245 2109 341 2195 longe
374 2109 496 2174 abinde
528 2109 765 2174 monasterium
794 2109 831 2172 in
856 2107 927 2172 loeo
953 2109 1011 2194 qui
1040 2114 1178 2175 vooatur
1208 2109 1294 2174 Red-

243 2210 324 2286 ford,
350 2211 386 2276 id
405 2215 464 2288 est,
487 2219 505 2244 “
516 2210 648 2276 Vadam
673 2208 897 2287 harundinis,”
912 2210 1005 2274 venit
1025 2211 1068 2275 ad
1093 2233 1211 2298 regem,
1237 2212 1293 2298 qui

242 2317 323 2378 tuno
337 2313 460 2378 eisdem
486 2313 522 2376 in
539 2313 688 2400 partibus
711 2310 856 2377 oooultus
874 2311 1051 2378 curabatur
1070 2336 1091 2378 a
1104 2313 1294 2380 vulneribus

244 2435 318 2500 quae
357 2415 389 2480 ei
418 2415 545 2480 inflicta
578 2414 711 2480 fuerant
739 2413 906 2500 praelianti
945 2415 981 2480 in
1019 2415 1127 2482 insula
1156 2417 1292 2482 Weota:

243 2516 486 2603 postulavitque
512 2517 555 2581 ab
578 2539 623 2592 eo,
639 2521 680 2581 ut
702 2516 731 2582 si
755 2537 883 2582 neeesse
898 2521 982 2582 esset
1005 2539 1122 2604 pueros
1144 2519 1292 2595 interfici,

242 2619 334 2705 prius
359 2640 415 2684 ers
448 2619 561 2684 liceret
595 2618 672 2683 fidei
707 2618 903 2686 Christianae
938 2621 1148 2687 sacramentis
1181 2622 1294 2688 imbui.

246 2720 413 2786 Oonoessit
434 2741 501 2796 rex,
529 2719 657 2806 etipse
681 2720 859 2786 instructos
882 2741 938 2788 eos
963 2722 1065 2788 verbo
1079 2723 1231 2790 veritatis
1257 2747 1295 2790 ae

244 2822 335 2887 fonte
356 2823 494 2888 salubri
527 2821 666 2900 ablutos,
700 2822 740 2887 de
762 2823 912 2909 ingressu
938 2824 1031 2912 regni
1053 2827 1169 2892 aeterni
1191 2833 1295 2892 oertos

244 2925 395 2990 reddidit.
442 2925 588 3010 Moxque
612 2924 662 2989 illi
693 2925 839 2991 instante
870 2928 1029 3005 oarnifioe,
1062 2934 1202 2994 mortem
1225 2930 1294 2995 laeti

245 3026 417 3092 subienmt
441 3026 664 3113 temporalem,
688 3048 872 3113 perquam
898 3050 933 3093 se
968 3028 1012 3113 ad
1044 3030 1150 3094 vitam
1176 3030 1294 3097 animae

245 3135 435 3215 perpetuam
458 3151 526 3194 non
541 3128 740 3194 dubitabant
754 3150 823 3195 esse
837 3129 1041 3195 transituros.
1078 3130 1152 3196 Hoc
1171 3132 1292 3209 ordine,

245 3237 420 3317 postquam
446 3252 559 3296 omnes
580 3230 829 3297 Britanniamm
852 3230 1030 3317 provincias
1053 3230 1152 3297 fidem
1169 3233 1295 3302 Christi

245 3336 461 3420 susoeperant,
490 3333 633 3419 sruoepit
659 3338 694 3398 et
726 3333 834 3399 insula
858 3332 996 3415 Weota3
1032 3336 1068 3399 in
1092 3358 1159 3422 qua
1182 3342 1294 3405 tamen

246 3435 288 3499 ob
317 3457 499 3501 aerumnam
516 3439 679 3500 'externae
700 3434 919 3512 subiectionis,
951 3458 1047 3503 nemo
1070 3440 1208 3526 gradum
1231 3440 1293 3505 rni-

244 3537 371 3602 nisterii
394 3559 433 3602 ao
455 3536 542 3602 sedis
565 3536 755 3623 episcopalis
781 3542 859 3603 ante
883 3538 1055 3605 Danielem
1079 3544 1210 3629 aooepit

289 3639 362 3704 Sita
387 3642 438 3705 est
467 3644 579 3704 autem
608 3638 717 3705 insula
754 3645 868 3705 eontra
906 3642 1051 3708 medium
1089 3645 1293 3711 Australium
1307 3660 1427 3727 Deerip·

247 3740 415 3807 Saxonum
437 3746 472 3806 et
495 3741 722 3818 Gewissorum,
747 3741 940 3829 interposito
963 3746 1078 3832 pelago
1108 3747 1294 3813 latitudinis
1306 3728 1359 3841 spu
1371 3728 1466 3845 “2¹²2

246 3843 347 3908 trium
371 3843 501 3908 milium
525 3842 614 3929 quod
637 3848 775 3909 vocatur
801 3843 953 3911 Solente:
988 3847 1022 3911 in
1049 3868 1114 3933 quo
1140 3808 1454 3913 videlicetlld'sblenl

246 3946 360 4031 pelago
389 3944 461 4011 bini
490 3950 591 4011 aestus
628 3946 743 4009 oceani
768 3946 825 4030 qui
862 3947 985 4013 circum
1016 3948 1222 4015 Britanniam
1253 3974 1295 4016 ex

246 4046 377 4112 infinito
398 4067 517 4112 ooeano
550 4046 809 4132 septemtrionali
842 4054 1028 4135 erumpunt,
1053 4051 1185 4117 sibimet
1207 4054 1294 4117 invi-

248 4168 315 4213 oem
365 4148 484 4214 ootidie
527 4154 773 4235 oonpugnantes
817 4156 998 4227 occurrunt,
1040 4152 1128 4217 ultra
1172 4154 1293 4221 ostium

248 4249 415 4326 Homelea,
440 4251 528 4335 quod
549 4272 608 4336 per
633 4254 738 4315 terras
762 4250 928 4329 Jutarum,
953 4274 1027 4338 qure
1060 4254 1103 4319 ed
1128 4256 1293 4343 regionem

247 4352 467 4417 Gewissorum
493 4353 668 4437 pertinent,
692 4352 868 4437 praefatum
902 4354 1035 4440 pelagus
1068 4356 1194 4437 intrat;
1221 4360 1296 4427 fini·

245 4458 345 4539 toque
382 4454 535 4519 oonfliotu
570 4454 607 4517 in
645 4474 802 4520 ooeanum
848 4454 956 4534 refirsi,
1004 4459 1090 4525 unde
1127 4469 1294 4543 venerant,

246 4556 392 4621 redeunt

593 4812 600 4843 ¹
612 4810 880 4879 meanwarorum,
892 4816 948 4869 MS.
