3542 5800
457 798 523 863 264
724 811 1234 864 meonuamc.srnc.n1su

289 1013 353 1064 neh
355 1013 423 1063 eree
459 999 577 1116 Anglis
605 999 789 1086 imperavit
844 997 912 1065 Hie
943 1020 1072 1087 quoque
1109 999 1237 1068 Beorne
1274 999 1503 1088 magnanimus

287 1081 438 1200 moestu
458 1102 607 1189 p1inoeps
621 1107 656 1168 et
670 1107 775 1168 rector
796 1103 910 1190 populi
933 1125 1043 1191 regem
1068 1105 1217 1192 genuisse
1241 1103 1363 1170 dieitur
1376 1102 1503 1169 AEthel·

458 1203 581 1281 redum,
610 1209 738 1292 patrem
776 1206 881 1271 sanati
910 1207 1067 1292 martyris
1105 1212 1139 1273 et
1175 1206 1261 1294 regis
1297 1205 1501 1272 AEahelberti.

458 1305 541 1372 Haee
569 1306 713 1372 breviter
743 1307 784 1372 de
811 1307 915 1394 regali
944 1307 1034 1374 beati
1064 1308 1262 1375 AEthelberti
1294 1307 1500 1395 generatione

456 1407 554 1473 modo
569 1407 659 1473 dieta
672 1407 842 1486 sufficiant,
859 1431 902 1476 ne
916 1431 969 1476 me
984 1415 1099 1478 atavos
1113 1411 1202 1476 tanti
1210 1410 1276 1476 viri
1290 1415 1350 1476 aut
1364 1431 1500 1497 proavos

455 1510 659 1598 negligenter
687 1511 882 1578 indiscussos
918 1513 986 1578 iam
1022 1513 1203 1601 praeterisse
1240 1511 1500 1600 reprehendant;

454 1613 704 1700 intelliguntque
725 1635 962 1702 nonnunquam
977 1615 1017 1682 de
1032 1616 1118 1683 bono
1147 1615 1271 1682 semiue
1296 1635 1364 1680 non
1387 1614 1500 1678 imme·

453 1717 519 1782 rito
540 1715 684 1782 fluctum
722 1722 888 1784 maturare
924 1719 1037 1785 messis
1069 1739 1233 1807 exurgere.
1289 1716 1397 1782 Mater
1421 1739 1500 1782 vero

454 1819 523 1884 eius
538 1841 581 1884 ex
594 1819 776 1885 illustribus
792 1819 990 1886 Mereiorum
1011 1821 1143 1910 regibus
1169 1843 1207 1886 ae
1232 1819 1369 1887 ducibus
1383 1823 1500 1884 exorta

452 1943 527 2004 eum
549 1922 754 2008 ingenuitate
785 1927 820 1988 et
848 1923 1022 1990 nobilitate
1053 1925 1165 2004 earnis,
1196 1921 1340 1991 moribus
1370 1943 1499 2008 quoque

451 2023 632 2090 edomabat
653 2023 849 2112 dignitatem
870 2027 997 2092 mentis.

482 2506 733 2576 Couumusuo.
777 2507 830 2575 De
856 2529 892 2576 eo
917 2509 1008 2598 qaod
1034 2508 1159 2578 litteris
1182 2508 1290 2578 eoois
1311 2515 1342 2579 et
1366 2507 1463 2579 bouis

744 2610 897 2678 mattos
922 2611 1135 2700 deformatus
1159 2610 1214 2680 eil.

281 2845 343 2896 AEu
344 2847 442 2901 elbea’r
498 2823 667 2892 Euucm
690 2825 802 2912 itaque
823 2824 1005 2892 liberaliter
1029 2825 1191 2892 infantem
1216 2823 1279 2890 sibi
1304 2824 1405 2890 donat
1390 2829 1462 2890 tum
1476 2847 1498 2891 a

281 2916 331 2965 “¹¹¹
330 2916 396 2967 ⁰³¹⁰
380 2932 420 2969 on
452 2927 531 2995 Deo.
577 2927 694 2995 Infans
713 2935 824 2996 autem
846 2930 1010 2997 erescebat
1024 2934 1059 2994 et
1073 2928 1326 3006 eonfortsbatur,
1342 2929 1496 3015 quoniam

282 3038 421 3107 earumve,
449 3032 558 3119 gratia
587 3031 651 3099 Dei
680 3036 752 3099 erat
790 3054 865 3098 cum
900 3054 945 3098 eo
1007 3030 1092 3101 cum
1125 3035 1237 3098 autem
1273 3030 1497 3118 intelligibiles

449 3136 655 3222 prooessisset
668 3136 712 3201 ad
733 3156 844 3212 annos,
867 3134 1013 3201 traditur
1035 3140 1127 3201 sanet
1128 3134 1247 3201 isaimae
1273 3134 1392 3199 indolis
1416 3156 1498 3221 puer

448 3237 548 3303 sacris
571 3238 691 3303 litteris
714 3236 920 3317 erudiendus,
937 3258 1034 3322 quem
1058 3236 1150 3303 fonte
1173 3236 1317 3303 scientiae
1344 3236 1497 3302 salutaris

447 3338 594 3405 imbuere
617 3360 685 3405 non
699 3339 797 3405 desiit
820 3339 965 3427 Spiritus
989 3336 1137 3405 Sanctus
1184 3338 1353 3404 Profieit
1343 3360 1380 3403 m
1402 3338 1497 3406 disei-

447 3441 539 3527 plina
567 3442 760 3522 litterarum,
790 3442 905 3509 erescit
934 3442 970 3507 iu
1006 3441 1183 3508 moralibus
1213 3442 1376 3508 virtutum
1404 3462 1497 3508 sane-

447 3548 577 3624 tarum3
599 3564 666 3624 nee,
690 3548 730 3608 ut
755 3545 874 3611 assolet
898 3544 974 3609 talis
999 3550 1090 3623 aetus,
1113 3544 1273 3611 illecebris
1288 3544 1494 3631 voluptatum

447 3644 607 3763 implicari
635 3645 774 3725 studuit,
804 3646 863 3713 sed
887 3652 960 3714 orat
945 3647 1089 3713 tionibus
1115 3652 1150 3713 et
1171 3646 1384 3732 eleemosynis
1408 3651 1495 3713 oete·

445 3750 554 3867 risque
569 3748 723 3837 operibus
736 3748 833 3817 bonis
847 3755 921 3817 tota
935 3750 1155 3816 sollieitudine
1170 3750 1348 3817 insudavit.
1380 3748 1495 3817 coaevi

445 3852 515 3918 eius
530 3858 565 3919 et
579 3853 735 3919 coaetanei
750 3854 986 3919 exereebantur
1001 3852 1044 3919 ad
1057 3853 1152 3919 ludos
1171 3854 1264 3920 etad
1281 3852 1495 3941 gymnasia&
1486 3880 1495 3893 ·

445 3956 669 4023 AEthelbertus
699 3978 780 4044 puer
817 3957 975 4043 gloriosus
1005 3956 1050 4023 ad
1086 3957 1299 4023 eeclesiastiea
1335 3954 1495 4023 tendebat

443 4058 606 4125 instituta
652 4058 707 4123 Illi
722 4059 893 4125 certabunt
907 4063 1060 4146 appetere
1083 4058 1195 4127 laudes
1218 4058 1410 4138 hominum3
1432 4059 1494 4129 isle

443 4158 530 4249 Regi
554 4161 681 4248 plaeere
706 4161 870 4250 gestiebat
894 4162 1091 4250 angelorum.
