3542 5800
487 900 533 950 us
555 900 670 951 ossus
691 900 814 953 unouu
836 898 1019 953 suen—u
1043 888 1093 957 70.
1248 884 1312 957 ³71

271 1090 351 1151 tunc
372 1086 515 1173 primurn
536 1086 654 1155 faciem
678 1087 873 1175 medemnos
898 1086 960 1155 ilos
986 1086 1172 1175 pubertatis
1195 1086 1315 1155 vestis·
1328 1110 1426 1170 usu,

270 1187 337 1265 bat,
369 1190 512 1275 quedam
549 1190 663 1257 vultus
693 1194 728 1256 et
764 1189 900 1257 habitus
934 1190 1158 1279 prerogativa
1190 1178 1369 1277 regiense·
1383 1179 1465 1231 ¹⁰⁶b·

271 1291 446 1378 pmfcrens
460 1290 675 1359 maiestatem.
722 1292 789 1373 Qui
811 1293 947 1381 propius
968 1292 1122 1359 admotus
1143 1290 1190 1359 sic
1210 1292 1317 1357 iacen-

271 1397 341 1459 tem
368 1394 592 1483 compellabat
638 1393 755 1477 “Quid
781 1394 835 1461 hic
856 1394 938 1481 agis,
961 1416 981 1461 o
1003 1395 1124 1461 homo?
1145 1393 1201 1459 vel
1216 1416 1318 1481 quare

271 1494 460 1565 itsiacee?”
484 1497 547 1565 (lui
563 1496 628 1577 ille,
645 1495 866 1576 “Febribus‚”
881 1498 1002 1583 inquit,
1018 1504 1037 1534 “
1045 1496 1167 1565 validis
1181 1497 1320 1563 attritus

273 1604 424 1666 sunctum
455 1599 669 1667 Edmundum
691 1600 848 1688 expetivi,
865 1601 1042 1667 mnitatem
1064 1600 1240 1688 pristinam
1262 1622 1321 1686 per

272 1722 347 1767 eum
369 1702 510 1789 recipere
533 1702 744 1791 suspicatus”
789 1701 845 1769 Ad
867 1724 965 1790 quern
986 1724 1099 1769 rursus
1113 1702 1185 1769 ait:
1210 1702 1319 1769 “Cre-

273 1804 386 1871 disne¹
410 1806 505 1872 illum
527 1806 592 1873 tibi
617 1828 711 1893 posse
735 1806 880 1873 conferre
902 1805 993 1893 quod
1022 1803 1212 1893 postulusY'
1257 1805 1320 1871 Ille

273 1906 392 1994 inquit,
417 1915 435 1945 “
451 1907 585 1976 Ored0.''
631 1908 677 1975 Et
698 1907 764 1989 ille,
796 1908 937 1996 “Surge
958 1929 1035 1995 ergo
1057 1908 1125 1974 iam
1146 1906 1320 1974 incolumis

273 2010 317 2076 ad
347 2012 479 2099 propria
510 2010 670 2077 festinans
703 2010 859 2099 regredi.'’
903 2011 953 2077 At
988 2010 1045 2075 ille
1077 2010 1217 2077 formam
1249 2009 1320 2076 eius

274 2114 435 2179 attentius
456 2112 601 2194 intuens,
623 2112 831 2201 percrmctsri
853 2113 955 2200 coepit
980 2113 1056 2200 quis
1077 2117 1170 2179 esset
1215 2119 1233 2151 “
1248 2112 1319 2199 Ego

274 2214 375 2297 eum,'’
404 2216 463 2297 sit,
496 2221 515 2253 “
531 2214 735 2296 Edmundus,
759 2214 896 2282 Domini
929 2216 1006 2281 Iesu
1038 2212 1166 2283 Christi
1198 2236 1319 2281 servus

275 2316 344 2397 Sto,
367 2318 513 2404 inquam,
537 2339 635 2405 super
657 2318 754 2405 pedes
776 2322 859 2397 tuor,
884 2322 920 2383 et
946 2318 1122 2405 assumptis
1144 2317 1321 2385 comitibus

275 2420 407 2486 domum
429 2425 598 2487 revertens
619 2442 719 2487 narra
741 2425 867 2507 quanta
887 2420 953 2489 tibi
977 2420 1056 2487 fecit
1078 2420 1321 2509 Omnipotena”

275 2521 340 2603 Qui
384 2522 498 2589 statim
546 2522 697 2609 sospitati
742 2522 892 2589 redditus
939 2523 1054 2590 eadem
1098 2523 1180 2590 hora
1222 2524 1319 2591 iussit

273 2646 418 2693 mensam
442 2624 571 2713 apponi,
596 2624 785 2711 cunctisque
808 2626 1021 2715 stupentibus
1044 2648 1083 2693 ec
1107 2648 1177 2714 prae
1197 2627 1319 2715 gaudio

274 2726 382 2793 Deum
411 2726 688 2808 benedicentibus,
720 2750 787 2795 una
816 2750 892 2795 cum
921 2728 969 2794 sis
998 2727 1109 2795 cibum
1138 2733 1174 2795 at
1202 2733 1319 2816 potum

274 2829 426 2897 alacriter
460 2830 610 2920 sumpsit,
648 2836 749 2920 atque
793 2830 918 2897 medico
962 2852 1021 2897 suo
1056 2830 1181 2920 glutias
1218 2852 1320 2922 egens

274 2934 400 3004 cunctis
424 2955 499 3022 quoe
523 2935 609 3002 circe
634 2957 669 3000 se
692 2939 784 3022 geste
807 2933 947 3002 sucrint'
971 2934 1128 3002 innotuit

276 3221 526 3292 Corrnruiimo.
588 3225 763 3310 rocwdo
791 3225 920 3294 cauas
952 3232 1036 3296 aaa
1064 3231 1130 3296 tres
1167 3222 1242 3296 vot
1275 3223 1319 3294 ia

641 3327 818 3418 profundo
832 3326 953 3398 mucis.

319 3465 433 3532 Nims
470 3465 622 3555 quaedam
659 3467 787 3534 divitiis
829 3466 979 3555 pluribus
1022 3467 1166 3556 virisque
1203 3465 1411 3560 multis'rprss
1425 3495 1484 3532 meu

275 3573 393 3635 onusta
422 3591 464 3634 ex
494 3569 672 3658 Norwego'e
695 3571 831 3637 veniens
854 3574 995 3657 pontum
1019 3591 1132 3636 versus
1162 3569 1318 3657 Anglium
1328 3563 1476 3682 ffiufiw

275 3673 357 3738 flatu
386 3694 540 3761 prospero
567 3673 713 3740 sulcavit
775 3671 899 3738 Verum
922 3695 965 3740 ex
994 3673 1151 3762 temporis
1181 3673 1318 3760 perfidis
1328 3681 1454 3732 medin

1328 3748 1372 3800 the
1382 3749 1459 3814 depth

1328 3816 1359 3865 ot·
1365 3815 1407 3866 the
1417 3830 1466 3868 ecc

275 3779 347 3840 orta
394 3774 504 3840 subito
553 3779 751 3864 tempestate
799 3797 918 3864 gurges
963 3775 1162 3855 intumescit,
1210 3774 1318 3841 fervet

274 3875 403 3955 fretum,
426 3875 521 3942 venti
542 3883 730 3966 perurgent,
757 3877 826 3944 dies
849 3877 1065 3960 tenebrescit;
1087 3878 1184 3944 novis
1205 3882 1318 3942 autem

274 3979 454 4068 periculosa
482 3980 645 4068 vertigine
674 3985 811 4060 rotetur,
842 3981 908 4048 huc
936 3986 1035 4070 elque
1068 3981 1147 4046 illuc
1176 3981 1318 4068 procelle
1350 3973 1354 3981 ’

274 4083 429 4149 saeviente
459 4081 611 4166 iactetur,
641 4106 730 4150 nunc
759 4083 803 4150 ad
834 4083 905 4150 alta
933 4083 1126 4164 sustollitur,
1157 4105 1246 4149 nunc
1274 4082 1318 4149 ad

165 4231 167 4236 ,
273 4184 341 4251 ima
366 4185 570 4272 demergitur.
615 4185 707 4253 Tium
737 4186 858 4254 clem0r
887 4186 1075 4252 inconditus
1101 4187 1143 4252 ab
1166 4185 1319 4252 omnibus

274 4289 420 4377 erigitur,
458 4287 592 4355 confusa
628 4311 696 4356 vox
733 4289 880 4356 omnium
916 4289 954 4356 in
991 4289 1109 4356 coelum
1146 4288 1320 4356 attollitur.

275 4391 347 4458 Iam
369 4391 492 4458 etenim
514 4392 605 4457 omni
627 4391 780 4459 destituti
809 4393 976 4472 solamine,
1001 4391 1156 4458 ultimum
1181 4391 1319 4479 quisque

274 4517 370 4560 suum
417 4495 558 4562 innuens
610 4495 742 4583 inspicit
793 4495 982 4584 periculum
1053 4493 1144 4575 Quid
1188 4494 1319 4558 multet

273 4597 425 4684 Denique
461 4597 558 4664 nevis
594 4601 793 4686 tempestate
833 4599 989 4665 acerrime
1026 4601 1181 4686 quassata
1217 4594 1319 4661 marie

307 4857 735 4926 ¹oecen11³3orannsus.
793 4860 799 4928 ι
847 4859 1230 4992 ’sternumentum
