3542 5800
452 903 498 951 na
520 902 635 953 cuens
657 902 778 953 ausuri
799 901 981 952 auen-11.
1004 888 1055 950 40.
1223 886 1283 949 161

236 1086 335 1151 fidem
372 1108 553 1173 persuasus,
584 1086 726 1153 triennio
755 1092 829 1174 post
857 1087 1034 1174 resumptis
1062 1086 1188 1153 viribus
1219 1096 1428 1177 reg-mann·

237 1209 345 1274 noque
375 1194 514 1275 recepto,
546 1191 723 1255 iocundum
760 1190 954 1257 miraculum
992 1212 1059 1255 suoe
1096 1187 1289 1253 mutationis
1301 1166 1360 1231 ⁸¹¹⁸·

237 1291 366 1356 civibus
415 1292 573 1358 exhibuit
620 1293 663 1357 In
700 1297 832 1359 tautum
882 1297 954 1358 erat
1001 1291 1102 1367 fortis,
1149 1296 1189 1356 ut
1233 1290 1290 1376 qui
1302 1290 1435 1343 morah

236 1398 336 1457 antea
372 1415 434 1459 nec
466 1416 543 1459 suos
572 1395 655 1459 fines
683 1396 807 1480 inpune
832 1393 964 1460 valebat
991 1392 1170 1469 defendere,
1201 1372 1417 1474 nunoffiss?

236 1515 471 1580 usquequaque
492 1496 679 1582 imperium¹
706 1495 911 1583 prorogabat‚
940 1496 1116 1561 Britarmos
1145 1489 1434 1579 antiquaehrrehi·

236 1597 402 1663 libertatis
432 1598 662 1664 conscientiam
695 1598 878 1674 frementes,
912 1602 947 1663 et
981 1597 1022 1663 ob
1061 1596 1121 1662 hoo
1144 1596 1291 1663 crebram
1303 1556 1432 1623 mm

237 1699 464 1765 rebellionem.
485 1700 692 1777 meditantes,
730 1700 782 1765 bis
819 1700 952 1766 omnino
989 1700 1153 1786 protrivit,
1191 1702 1226 1763 et
1257 1699 1293 1763 in

240 1800 402 1865 Wlferum
445 1802 585 1868 Peaudae
623 1802 730 1867 filium
773 1806 946 1889 paternam
993 1801 1083 1867 ultus
1129 1800 1291 1877 iniuriam,

239 1903 383 1989 plurima
412 1904 506 1972 illum
535 1909 629 1991 parte
658 1904 751 1990 regni
780 1904 956 1969 truncavit.
1003 1902 1185 1990 Religiosus
1215 1922 1294 1967 vero

239 2004 275 2069 in
303 2009 437 2070 tantum
467 2007 632 2083 extiterat,
663 2012 704 2071 ut
732 2006 857 2092 primus
887 2010 1126 2071 antecessorum
1160 2024 1294 2069 suorum

240 2105 275 2170 in
306 2106 479 2172 Wintouia
516 2107 677 2194 templum
719 2107 791 2173 Deo
835 2129 893 2194 per
930 2106 966 2172 id
1003 2106 1112 2173 saeculi
1147 2104 1438 2193 pulcher-wineba-

240 2207 363 2273 rimum
393 2215 603 2276 construeret.
649 2210 723 2291 Quo
748 2210 811 2275 loci
840 2208 1016 2295 posteritas
1042 2209 1077 2273 in
1107 2208 1182 2275 sede
1213 2208 1295 2296 epia-
1304 2186 1437 2304 ffimh‘*

241 2310 344 2396 cupali
382 2310 558 2388 limdnnda,
597 2312 660 2376 etsi
696 2311 877 2397 augustiori
920 2310 1046 2397 peritis„
1085 2332 1143 2397 per
1181 2310 1293 2376 eadem

241 2416 354 2476 tamen
385 2414 527 2478 cucurrit
556 2414 704 2500 vestigia
752 2412 808 2479 Ita
836 2414 1009 2477 munificus
1039 2418 1117 2491 erat,
1144 2417 1183 2478 ut
1212 2412 1295 2477 nihil
1308 2426 1378 2477 will

242 2513 514 2598 patrimoniorum
559 2514 706 2601 cognatis
752 2520 896 2601 negaret,
945 2514 1064 2601 quippe
1116 2514 1175 2600 qui
1226 2513 1296 2579 filio
1308 2493 1461 2625 {glffih

241 2614 356 2680 fratris
393 2616 444 2680 sui
482 2638 577 2703 paene
613 2616 749 2681 tertiam
787 2617 879 2703 regni
926 2621 1053 2703 partem
1086 2616 1297 2703 magnanima

241 2716 441 2783 liberalitate
490 2719 752 2783 communicaret
814 2716 1042 2783 Kinewalcus⁹
1095 2738 1172 2783 vero
1224 2722 1379 2804 postwill.

242 2820 382 2907 triginta
404 2825 439 2885 et
457 2800 561 2884 unum
584 2841 688 2885 annos
707 2820 857 2896 moriens,
882 2821 976 2908 regni
1001 2820 1175 2886 arbitrium
1202 2820 1298 2885 uxori
1310 2800 1464 2933 ffilfflq

243 2944 311 2987 suae
337 2922 519 3010 sexburgae
545 2924 717 3010 delegavit.
763 2923 836 2988 Nec
861 2923 974 2988 deerat
1002 2923 1133 2988 mulieri
1163 2923 1395 3009 spiritue[A.1).

244 3025 286 3090 ad
335 3025 488 3090 obeunda
534 3026 627 3113 regni
672 3025 796 3090 munia.
861 3025 940 3112 Ipsa
985 3047 1088 3090 novos
1136 2999 1382 3116 exercitusgffl

245 3127 362 3205 moliri,
398 3133 525 3193 veteres
562 3133 673 3193 tenere
710 3127 746 3192 in
783 3127 897 3204 officio,
937 3127 1008 3212 ipsa
1039 3125 1201 3191 subiectos
1235 3125 1441 3210 cle-vadosos

246 3235 373 3296 menter
402 3229 571 3306 moderari,
601 3231 752 3295 hostibus
788 3229 960 3294 minaciter
994 3228 1173 3305 infremere,
1207 3197 1453 3330 pror-{ffiffig

244 3354 299 3397 sus
329 3333 441 3397 omnia
466 3331 578 3410 facere,
611 3338 649 3397 ut
677 3331 761 3398 nihil
798 3337 919 3420 praeter
949 3353 1064 3397 sexum
1095 3331 1297 3398 discerneres
1310 3345 1378 3397 rw·

247 3435 485 3499 Verumtamen
517 3434 693 3520 plusquam
722 3435 878 3500 femineos
915 3435 1041 3498 animos
1078 3433 1300 3500 anhelantem⁸

247 3537 318 3600 vita
339 3535 501 3613 destituit,
524 3536 584 3600 vix
606 3557 717 3602 annua
737 3539 900 3623 potestate
922 3536 1133 3622 perfunctam.

251 3951 502 4018 Oounuuirro.
560 3951 660 4035 Quod
687 3959 822 4019 mortuo
862 3951 1019 4019 oswaldo
1037 3972 1122 4036 naqa
1152 3947 1469 4016 ammaim-¹⁴.

576 4053 609 4120 ci
639 4053 732 4121 aaa
754 4054 870 4141 frater
899 4054 981 4120 eiua.

296 4241 501 4307 ramsmro
546 4241 590 4306 ad
634 4243 780 4308 eoelestia
831 4264 934 4329 regna
979 4239 1183 4306 arctissimo
1228 4261 1304 4328 rege
1316 4253 1453 4307 Ouiana-

251 4342 413 4420 Oswaldo,
440 4344 584 4430 suscepit
605 4345 698 4432 regni
721 4345 887 4410 terrestris
914 4344 1023 4410 sedem
1049 4365 1109 4431 pro
1135 4363 1173 4408 eo
1202 4341 1305 4410 frater
1315 4323 1439 4440 {ssffl'

254 4445 322 4511 eius
345 4443 447 4524 Ocuri,
482 4441 612 4512 iuvenis
645 4447 773 4513 circiter
804 4446 944 4534 triginta
981 4467 1150 4526 annorum,
1182 4451 1217 4512 et
1247 4467 1305 4532 per
1318 4456 1428 4520 Omld,

286 4746 444 4816 aaran]
457 4749 570 4815 uaeas,
581 4749 637 4802 ars.
836 4747 1024 4817 marasan]
1043 4730 1182 4814 blerana,
1194 4749 1250 4802 ars

285 4826 296 4856 ²
308 4825 479 4896 ramalem]
491 4829 667 4891 Kinevalrius,
677 4827 734 4881 MS.

1104 4967 1106 4972 ,
1198 4925 1218 4974 L
