3542 5800
454 874 520 939 208
721 889 786 939 mc.
810 890 858 939 nn
880 887 1012 940 manue.
1035 888 1124 939 erno
1147 887 1234 939 nter.

453 1073 602 1160 operculo
649 1095 778 1160 quoque
827 1074 943 1139 similis
990 1073 1109 1160 lapidis
1155 1073 1324 1160 aptissime
1373 1070 1505 1138 tectum.

454 1177 553 1241 Unde
575 1177 796 1264 intelligentes
822 1199 843 1242 a
866 1177 1011 1242 Domino
1033 1199 1129 1242 suum
1156 1177 1221 1241 iter
1247 1197 1316 1241 esse
1337 1197 1506 1262 prospera-

452 1284 533 1355 tum,
557 1279 682 1366 gratias
704 1285 839 1366 agentes
861 1277 1048 1344 retulenmt
1069 1279 1114 1343 ad
1135 1279 1378 1344 monasterium.

317 1405 384 1477 ·‘.'
509 1381 657 1466 Cumque
688 1403 804 1468 corpus
835 1403 934 1448 sacrae
967 1381 1106 1466 virginis
1143 1401 1180 1446 ac
1218 1401 1345 1466 sponsae
1381 1379 1505 1446 Christi

358 1522 440 1572 incor-
453 1488 566 1569 aperto
603 1483 749 1570 sepulcro
787 1487 872 1549 esset
905 1483 1071 1570 prolatum
1101 1483 1137 1546 in
1167 1482 1282 1558 lucem,
1314 1483 1364 1546 ita
1399 1481 1505 1546 incor-

451 1591 587 1672 ruptum
604 1584 779 1652 inventum
801 1590 861 1664 est,
888 1607 927 1650 ac
950 1585 979 1650 si
1000 1584 1114 1650 eodem
1138 1585 1190 1650 die
1212 1583 1327 1648 firisset
1350 1583 1505 1649 defimcta

451 1687 522 1753 sive
551 1686 653 1753 humo
683 1688 839 1767 condita;
875 1686 962 1752 sicut
997 1691 1032 1752 et
1064 1685 1221 1773 praefatus
1251 1686 1390 1752 antistes
1420 1684 1505 1749 Wil-

450 1789 555 1855 fridus
584 1795 620 1855 et
652 1790 750 1855 multi
781 1788 839 1854 alii
869 1789 928 1874 qui
958 1793 1134 1866 noverunt,
1165 1787 1282 1853 testati
1306 1793 1392 1852 sunt
1437 1787 1504 1852 Sed

451 1891 581 1956 certiori
611 1891 732 1956 notitia
767 1890 913 1956 medicus
951 1889 1153 1966 Kinefridus
1192 1889 1251 1975 qui
1281 1893 1315 1954 et
1348 1888 1504 1954 morienti

449 1993 500 2057 illi
529 1999 564 2058 et
594 1993 732 2058 elevatae
769 1994 810 2057 de
847 1993 979 2057 tumulo
1016 1991 1133 2056 affuit:
1177 1992 1235 2076 qui
1273 1990 1395 2056 referre
1431 1994 1504 2055 erat

448 2095 572 2172 solitus,
589 2095 677 2181 quod
699 2094 758 2160 illa
772 2094 942 2159 infirmata
961 2092 1115 2160 habuerit
1137 2097 1300 2158 tumorem
1320 2092 1502 2157 maximum

449 2196 510 2260 sub
547 2196 690 2261 maxilla
738 2204 756 2231 “
771 2196 1009 2282 Iussenmtque
1048 2195 1130 2276 me‚”
1167 2196 1287 2282 inquit,
1328 2205 1345 2230 “
1360 2195 1503 2260 incidere

448 2302 612 2363 tumorem
635 2298 739 2376 illum,
763 2301 803 2364 ut
829 2297 977 2364 efflueret
1001 2298 1122 2363 noxius
1148 2297 1267 2362 humor
1291 2297 1348 2382 qui
1373 2297 1500 2362 inerat:

450 2400 538 2485 quod
553 2399 631 2464 dum
646 2398 794 2478 facerem,
810 2400 989 2466 videbatur
1011 2399 1069 2466 illa
1090 2421 1149 2486 per
1170 2399 1309 2465 biduum
1332 2398 1502 2485 aliquanto

450 2501 556 2566 levius
592 2501 735 2581 habere3
772 2501 823 2566 ita
858 2507 900 2568 ut
937 2502 1035 2568 multi
1073 2506 1238 2588 putarent,
1277 2501 1356 2586 quia
1391 2499 1502 2565 sanari

449 2607 559 2688 posset
581 2601 790 2689 elanguere
836 2603 950 2670 Tertia
981 2609 1093 2670 autem
1116 2603 1170 2668 die
1192 2603 1354 2690 prioribus
1387 2623 1503 2689 aggra-

450 2710 530 2770 vata
560 2703 736 2782 doloribus,
760 2709 795 2770 et
816 2711 913 2792 rapta
944 2705 1116 2771 confestim
1138 2707 1179 2771 de
1201 2705 1333 2785 mundo,
1357 2704 1502 2770 dolorem

451 2827 580 2871 omnem
612 2828 651 2872 ac
684 2811 823 2872 mortem
854 2812 1014 2894 perpetua
1044 2807 1151 2872 solute
1184 2827 1223 2872 ac
1244 2807 1316 2872 vita
1348 2807 1501 2871 mutavit

452 2908 601 2995 Cumque
621 2913 698 2996 post
711 2914 764 2974 tot
777 2931 880 2975 annos
900 2908 1059 2975 elevanda
1081 2914 1190 2975 essent
1203 2930 1276 2975 ossa
1290 2910 1331 2975 de
1344 2908 1500 2996 sepulcre,

450 3016 486 3077 et
508 3016 645 3077 extento
677 3012 815 3098 desuper
846 3011 1013 3098 papilione
1045 3013 1152 3077 omnis
1184 3012 1399 3097 congregotio,
1423 3011 1501 3076 hinc

449 3112 598 3192 fratrum,
613 3113 692 3179 inde
713 3134 862 3179 sororum
883 3114 1026 3199 psallens
1048 3114 1281 3191 circumstaret,
1297 3112 1369 3201 ipsa
1388 3120 1501 3179 autem

450 3214 617 3281 abbatissa
647 3216 738 3280 intus
774 3235 849 3280 cum
879 3215 992 3301 paucis
1025 3236 1097 3281 ossa
1130 3215 1273 3280 eluitum
1293 3221 1329 3280 et
1351 3214 1502 3279 delatura

449 3317 612 3394 intrasset,
649 3322 786 3403 repente
822 3316 1012 3382 audivimus
1054 3316 1257 3382 abbatissam
1293 3316 1385 3382 intus
1421 3338 1501 3382 voce

448 3419 537 3484 clara
564 3419 793 3505 praeclamare:
835 3418 907 3484 ‘Sit
936 3420 1042 3506 gloria
1071 3417 1208 3484 Nomini
1231 3417 1385 3484 Domini’
1429 3417 1501 3483 Nec

450 3520 556 3584 multo
578 3526 653 3607 post
675 3520 902 3587 clamaverunt
924 3544 985 3599 me,
1008 3521 1099 3585 intus
1130 3527 1273 3585 reserato
1304 3520 1388 3585 ostio
1410 3520 1502 3607 papi-

449 3621 564 3687 lionis:
603 3620 740 3708 vidique
775 3623 940 3688 elevatum
980 3624 1020 3688 de
1052 3622 1181 3688 tumulo
1212 3624 1247 3687 et
1277 3622 1419 3709 positum
1463 3624 1500 3687 in

450 3722 568 3789 lectulo
605 3746 720 3810 corpus
756 3746 854 3790 sacrae
893 3724 964 3791 Dec
999 3724 1139 3812 virginis
1177 3724 1272 3810 quasi
1309 3724 1501 3790 dormientis

449 3826 562 3891 simile
617 3825 683 3891 Sed
719 3832 754 3891 et
791 3827 992 3913 discooperto
1021 3826 1135 3891 vultus
1171 3826 1373 3903 indumento,
1408 3848 1500 3891 mon-

450 3933 640 3995 straverunt
672 3928 755 3994 mihi
777 3928 900 3993 vulnus
933 3929 1034 3993 etiam
1068 3928 1219 3994 incisurae
1241 3928 1330 4013 quod
1350 3927 1498 4006 feceram,

449 4036 623 4112 curatum3
659 4032 710 4095 ita
746 4034 786 4095 ut
820 4028 943 4095 mirum
982 4030 1018 4094 in
1055 4030 1190 4095 modum
1223 4050 1283 4117 pro
1317 4036 1430 4117 aperto
1464 4036 1499 4097 et

449 4132 564 4198 hiante
585 4132 722 4197 vulnere
755 4153 830 4197 cum
852 4152 918 4216 quo
940 4130 1069 4219 sepulta
1102 4135 1181 4208 erat,
1205 4132 1397 4197 tenuissima
1418 4138 1499 4198 tunc

450 4234 610 4299 cicatricis
632 4233 774 4319 vestigia
804 4236 963 4318 parerent.
1025 4231 1091 4298 Sed
1114 4237 1148 4298 et
1170 4232 1366 4297 linteamina
1387 4234 1499 4299 omnia

450 4334 569 4421 quibus
591 4335 779 4401 involutum
812 4338 883 4399 erat
915 4356 1037 4421 corpus,
1060 4335 1189 4420 integra
1210 4340 1439 4421 apparuerunt,
1464 4340 1500 4401 et

449 4436 500 4501 ita
528 4456 624 4512 nova,
646 4440 688 4500 ut
717 4436 790 4520 ipsa
823 4435 877 4501 die
900 4436 1090 4501 viderentur
1123 4436 1220 4501 castis
1252 4436 1322 4501 eius
1343 4436 1500 4502 membris

450 4559 518 4604 esse
556 4534 773 4601 circundata''
833 4536 962 4603 Ferunt
990 4543 1103 4603 autem
1140 4536 1219 4623 quia
1256 4558 1330 4603 cum
1362 4539 1500 4624 praefato

449 4646 577 4706 tumore
592 4660 630 4704 ac
644 4638 754 4705 dolore
775 4640 921 4705 maxillae
942 4640 1011 4705 sive
1034 4640 1108 4705 colli
1129 4644 1340 4727 premeretur,
1357 4641 1500 4706 multum

451 4743 614 4808 delectata
639 4740 684 4807 sit
715 4740 776 4807 hoe
806 4762 924 4827 genere
955 4742 1166 4817 infirmitatis,
1191 4762 1229 4807 ac
1251 4742 1349 4809 solita
1371 4742 1500 4809 dicere:
