3542 5800
278 3244 346 3293 Ad).
362 3248 419 3292 688.

277 3310 332 3369 Ino,
343 3309 406 3374 king

278 3377 309 3427 of
317 3376 431 3426 Wessex.

278 3454 348 3505 Will.

279 3520 395 3569 Malmsb.

279 3586 434 3649 iffipffi

280 3668 332 3717 seq.

281 4239 329 4291 fla
340 4241 411 4291 iura·

281 4308 336 4357 sion
347 4309 376 4358 of

281 4374 357 4425 Kent

437 890 502 952 220
704 904 769 952 nro.
792 904 842 954 ua
862 904 996 954 mnaso.
1020 903 1109 954 erac.
1132 902 1219 954 111sr.

481 1088 598 1173 Sospes
622 1089 709 1154 enirn
731 1091 865 1155 veniens
888 1085 1039 1178 supremo
1062 1113 1105 1156 ex
1127 1089 1206 1156 orbe
1229 1087 1390 1165 Britanni,

475 1193 478 1197 ’
527 1190 590 1255 Per
611 1192 719 1257 varias
741 1197 863 1278 gentes,
888 1215 946 1279 per
967 1193 1060 1270 freta,
1086 1215 1207 1279 perque
1230 1193 1309 1269 vias,

483 1291 610 1358 Urbem
633 1294 827 1359 Romuleam
849 1295 944 1374 vidit,
968 1296 1193 1382 templumque
1216 1295 1398 1362 verendum

528 1396 670 1481 Aspexit
691 1396 783 1462 Petri
806 1398 947 1482 mystica
969 1398 1056 1462 dona
1076 1421 1199 1484 gerens

484 1498 653 1565 Candidus
674 1499 762 1564 inter
783 1521 862 1566 oves
885 1499 1010 1568 Christi
1032 1500 1194 1566 sociabilis
1216 1499 1300 1566 ibit:

531 1602 673 1688 Corpore
695 1625 772 1666 nam
795 1603 969 1680 tumulum,
994 1607 1104 1669 mente
1126 1625 1266 1691 superna
1287 1607 1386 1670 tenet.

486 1704 712 1771 Commutasse
734 1706 839 1792 magis
861 1710 1063 1792 sceptrorum
1086 1706 1229 1793 insignia
1250 1706 1369 1783 credas,

531 1807 636 1888 Quem
659 1829 798 1894 regnum
822 1807 948 1874 Christi
974 1809 1189 1896 promeruisse
1211 1809 1310 1874 vides

441 2009 508 2076 Hic
522 2009 688 2095 depositus
703 2015 754 2076 est
769 2009 944 2086 Cedwalla,
965 2011 1071 2096 quiet
1091 2009 1217 2087 Petrus,
1239 2033 1298 2075 rex
1314 2009 1497 2090 Saxonum,

441 2112 503 2177 sub
541 2113 593 2179 die
622 2113 813 2178 duodecimo
846 2111 1064 2178 kalendarum
1103 2111 1275 2188 Maiarum,
1315 2113 1494 2177 indictione

441 2216 601 2292 secunda3
631 2216 688 2300 qui
714 2216 803 2280 vixit
827 2237 930 2280 annos
955 2213 1068 2301 [plus]¹
1086 2215 1195 2279 minus
1218 2214 1365 2300 triginta,
1390 2215 1495 2301 impe-

441 2322 536 2381 rante
566 2315 698 2381 domino
730 2316 922 2382 Justiniano
956 2316 1102 2402 piissimo
1125 2317 1286 2404 Augusto,
1311 2339 1397 2396 anno
1420 2339 1496 2382 con-

440 2420 568 2483 sulatus
593 2419 663 2482 cius
686 2424 813 2504 quarto,
841 2419 1055 2506 pontificante
1077 2420 1254 2504 apostolico
1277 2419 1350 2483 viro
1374 2419 1495 2485 domno

444 2519 557 2607 Sergio
580 2542 665 2606 papa
687 2542 773 2586 anno
796 2521 944 2588 secunde.

446 2936 694 3003 Conrrnon'rlo
741 2935 841 3017 erod
870 2935 945 3011 Ine,
978 2933 1035 3000 oia·
1065 2933 1106 2999 de
1136 2932 1246 3018 repuli
1269 2932 1383 3020 olimae,
1417 2932 1498 3000 Ued-

468 3041 576 3108 aoolloc
591 3038 747 3107 suoomsit
763 3038 806 3106 in
821 3060 970 3125 reprcunt
987 3035 1264 3103 occidentali-ont
1275 3037 1465 3105 sarman.

489 3216 659 3283 Assum
679 3220 790 3282 autem
814 3214 954 3279 Romam
981 3210 1157 3291 Cedwalla,
1189 3212 1342 3281 successit
1368 3212 1404 3277 in
1427 3233 1500 3299 reg·

445 3342 526 3385 num
542 3318 801 3384 Occidentalium
817 3316 987 3382 Saxonum
1010 3315 1063 3379 vir
1085 3315 1190 3380 bonus
1212 3315 1253 3380 de
1265 3314 1378 3401 stirpe
1399 3316 1497 3401 regia,

446 3421 578 3486 nomine
593 3421 663 3497 Ine,
685 3421 743 3506 qui
764 3418 922 3507 Oinegilsi
946 3440 989 3484 ex
1011 3417 1112 3482 fratre
1136 3416 1324 3483 Outhbaldo
1339 3438 1500 3503 pronepos

446 3524 551 3607 rna-gis
573 3544 632 3608 pro
655 3522 799 3587 insitivae
826 3520 962 3587 virtutis
988 3519 1160 3599 industria,
1186 3541 1286 3605 quarn
1312 3520 1500 3585 successivae

446 3624 565 3689 sobolis
599 3623 759 3710 prosapia,
794 3624 831 3688 in
866 3623 1087 3711 principatum
1127 3621 1256 3700 ascitur,
1295 3621 1502 3687 fortitudinis

446 3726 578 3791 unicum
593 3726 764 3814 specimen,
780 3724 966 3812 prudentiae
982 3725 1199 3803 simulacrum,
1216 3723 1374 3810 religione
1388 3745 1500 3812 parem

446 3830 577 3895 nescias
633 3828 760 3909 Quibus
791 3828 919 3893 artibus
946 3827 1051 3893 vitam
1075 3847 1279 3911 componens,
1311 3825 1401 3891 domi
1426 3846 1501 3911 gm-

445 3932 537 4009 tiam,
570 3931 648 3997 foris
679 3930 897 3997 reverentiam
929 3927 1146 4008 mercabatur,
1176 3928 1213 3992 in
1242 3932 1374 3993 tantum
1412 3928 1501 4012 quod

446 4036 542 4100 annis
556 4034 683 4100 duobus
698 4034 739 4099 de
759 4032 980 4119 quadraginta
1001 4034 1165 4118 potestate
1185 4028 1325 4107 functus,
1342 4028 1413 4095 sine
1432 4028 1502 4094 ullo

447 4138 640 4203 insidiarum
666 4140 761 4203 metu
783 4156 917 4202 securus
947 4134 1104 4213 incanuit,
1131 4132 1353 4199 sanctissimus
1379 4130 1504 4219 publici

448 4240 568 4304 amoris
598 4240 805 4305 lenocinator.
862 4237 976 4302 Prima
1009 4236 1057 4301 illi
1091 4237 1128 4301 in
1162 4235 1375 4301 Cantuaritss
1405 4256 1503 4321 expe-

450 4340 540 4415 ditio,
576 4340 613 4403 in
646 4362 728 4425 quos
764 4340 914 4406 nondum
944 4340 985 4405 de
1017 4338 1167 4405 incendio
1206 4336 1360 4403 Mollonis
1389 4336 1503 4401 fratris

451 4440 625 4507 Cedwallaa
642 4442 693 4505 ira
712 4440 938 4508 defremuerat.
985 4441 1205 4507 Provinciales
1229 4438 1394 4526 paulisper
1411 4438 1504 4504 resis-

728 4802 816 4870 ¹plru]
834 4818 883 4854 om.
896 4802 954 4857 MS.
988 4804 1160 4867 &elladam
1174 4808 1196 4857 7.
