3542 5800
477 924 523 973 na
547 922 664 973 srsrrs
687 920 808 973 secun
829 920 1014 973 sncn-n
1038 904 1089 977 70.
1154 912 1158 919 '
1243 911 1306 973 atr

265 1108 454 1194 parochiam
477 1115 644 1193 convocat,
667 1132 799 1177 causam
821 1110 932 1199 palam
953 1109 1124 1197 eloquitur.
1170 1108 1310 1175 Maerent

265 1211 419 1291 universi,
446 1212 682 1281 desolationem
705 1214 797 1280 urbis
820 1214 994 1280 recedente
1026 1216 1210 1301 protectore
1230 1234 1309 1278 mox

264 1314 442 1381 affuturam
480 1322 722 1404 conquerentes.
783 1316 937 1384 Procedit
969 1315 1104 1381 interim
1137 1316 1310 1383 dealbatus
1322 1334 1377 1389 ars.
1390 1338 1421 1401 n,

264 1418 416 1484 antistite
437 1418 562 1505 praevio
584 1419 771 1487 clericorum
794 1442 925 1501 cuneus,
947 1418 1069 1506 vulgus
1090 1420 1311 1505 promiscuum
1321 1403 1364 1454 Μ
1376 1412 1408 1457 ⁹⁵
1419 1408 1443 1458 b·

263 1518 474 1617 lamentando
497 1522 714 1610 subsequitur.
760 1522 852 1589 Tunc
874 1541 986 1589 secum
1007 1522 1120 1589 ascitis
1140 1522 1249 1589 tribus
1270 1523 1312 1589 de

265 1614 395 1703 clericis,
420 1624 483 1691 etsi
505 1646 572 1692 non
588 1626 788 1714 simpliciter,
804 1632 919 1693 tamen
940 1630 1132 1692 reverenter
1148 1626 1310 1703 recedens,

265 1726 394 1793 thecam
416 1749 490 1793 cum
511 1728 665 1795 thesauro
687 1728 845 1795 subiectis
867 1728 1014 1795 humeris
1034 1728 1154 1816 presul
1174 1734 1313 1795 conatur

264 1830 422 1897 attollere.
468 1830 526 1898 Ad
557 1832 645 1919 quod
668 1832 747 1898 dum
770 1832 890 1899 enixus
912 1832 1068 1911 elaborat,
1103 1832 1207 1897 sentit
1228 1854 1311 1897 onus

264 1933 480 2001 intolerabile.
539 1934 609 2001 Alii
647 1939 808 2021 quattuor
845 1934 1074 2024 adiunguntur
1081 1958 1091 2014 3
1136 1933 1194 2000 scd
1223 1934 1311 1999 vires

265 2036 399 2105 minime
432 2043 621 2127 suppetunt.
678 2038 825 2105 Admissi
847 2038 1020 2105 duodecim
1050 2038 1212 2104 incassum
1234 2036 1310 2103 fati-

264 2144 395 2227 gantur.
440 2141 495 2207 Ad
518 2146 717 2229 postremum
732 2140 856 2229 viginti
871 2146 1031 2230 quattuor
1044 2141 1168 2207 iunctis
1184 2140 1311 2206 viribus

264 2243 348 2309 circa
369 2244 517 2311 lecticam
540 2244 779 2331 disponuntur;
811 2244 868 2311 sed
891 2249 926 2311 et
948 2244 1012 2332 ipsi
1033 2244 1127 2310 velut
1148 2244 1184 2310 in
1206 2265 1312 2331 agone

265 2346 463 2413 desudantes
486 2348 589 2413 inacti
612 2347 771 2414 resiliunt.
827 2348 924 2413 Inter
945 2346 1017 2414 haec
1037 2352 1149 2413 astans
1171 2347 1312 2436 populns

264 2448 326 2515 tali
358 2449 541 2537 spectaculo
574 2449 808 2532 delectabatur,
843 2450 908 2515 Dei
939 2450 1111 2537 sanctique
1144 2450 1312 2517 Edmondi

264 2552 430 2639 suspicans
452 2574 520 2619 esse
541 2553 749 2620 voluntatem
772 2554 809 2619 in
831 2558 997 2640 posterum
1020 2576 1055 2619 se
1076 2576 1145 2620 non
1166 2554 1312 2641 perdere,

264 2656 354 2743 quod
387 2655 486 2721 semel
516 2656 701 2743 contigerat
735 2656 900 2745 accepisse
967 2654 1019 2721 At
1051 2656 1221 2744 episcopus
1251 2679 1311 2723 sua

263 2759 382 2825 videns
403 2758 667 2825 machinamenta
688 2758 774 2825 nihil
807 2760 972 2846 proficere,
1006 2780 1074 2825 una
1094 2782 1170 2827 cum
1191 2760 1312 2849 populo

263 2867 300 2930 et
332 2862 401 2952 ipse
433 2862 558 2952 pudore
589 2863 733 2930 coffinus
764 2861 1001 2929 admirabatur.
1051 2861 1223 2951 Siquidem
1255 2863 1311 2929 do

263 2965 407 3034 mesticis
428 2967 552 3034 suiset
585 2965 782 3054 quibusdam
805 2965 934 3032 civibus
962 2952 1139 3046 indixerat,
1173 2971 1214 3032 ut
1235 2988 1311 3032 cum

265 3069 398 3136 ecclesia
435 3070 593 3136 feretrum
630 3069 840 3149 extulissent,
877 3068 1044 3136 concitato
1081 3068 1231 3136 tumultu
1274 3076 1310 3137 et

263 3171 351 3238 elato
388 3171 528 3240 clamore
573 3173 702 3240 baiulos
746 3172 838 3241 abire
872 3172 1023 3238 volentes
1060 3172 1105 3238 ad
1140 3172 1309 3239 ecclesiam

263 3273 354 3341 beati
376 3273 472 3342 Pauli
501 3275 640 3363 gradm
662 3276 832 3342 deflectere
855 3275 1099 3363 compellerent,
1128 3275 1312 3343 contradic·

263 3381 361 3460 tores,
395 3379 424 3444 si
446 3400 527 3467 quos
548 3379 635 3446 forte
665 3383 872 3467 paterentur,
892 3383 1019 3445 terrore
1039 3378 1203 3466 minisque
1224 3402 1311 3447 ccm-

263 3485 437 3568 pescerent.
498 3480 624 3548 Verum
656 3503 731 3549 cum
762 3482 805 3548 ab
839 3481 1027 3548 huiusmodi
1059 3503 1116 3570 spe
1137 3481 1203 3548 Dei
1224 3489 1311 3550 nutu
1325 3513 1422 3576 aas,

262 3584 461 3672 prepeditus
493 3587 669 3666 recidisset,
701 3585 893 3652 contectalis
923 3585 1079 3672 martyris
1108 3583 1366 3674 AEgelwinuss01·
1379 3587 1445 3634 ⁹⁶⁰·

211 3689 215 3700 ’
265 3687 474 3774 prestolans
496 3688 713 3754 multitudine
742 3687 875 3754 domino
897 3709 957 3753 suo
988 3688 1139 3774 procidit,
1173 3711 1312 3777 propen-

264 3792 333 3857 sius
354 3813 430 3858 eum
451 3792 630 3870 obsecrans,
654 3811 697 3856 ne
726 3790 895 3878 propriam
917 3791 1048 3857 deserat
1069 3791 1245 3877 regionem,
1267 3815 1311 3859 ne

263 3893 415 3961 alumnos
458 3916 533 3961 suos
572 3893 677 3981 petris
714 3891 866 3960 absentia
904 3892 1048 3980 pupillos
1081 3892 1311 3979 diripientium

263 3997 407 4064 ludibrio
429 4003 583 4086 exponat,
616 4017 700 4063 neve
722 3995 817 4084 lupos
846 3995 883 4061 in
906 3995 994 4060 ovile
1017 3994 1236 4075 Dominicum,
1272 4003 1311 4062 ut

263 4106 376 4187 pastor
397 4100 586 4178 incuriosus,
610 4099 735 4165 diutius
758 4096 916 4166 desaevire
937 4097 1120 4185 permittat.
1166 4097 1309 4166 Etcum

263 4203 307 4269 ab
340 4203 489 4270 oratione
530 4201 695 4268 luminum
728 4200 891 4267 imbribus
927 4201 1089 4267 irroratus
1125 4208 1308 4288 exurgeret,

262 4305 370 4373 tribus
400 4327 444 4373 ex
474 4305 649 4372 comitibus
680 4304 747 4372 uris
779 4303 844 4370 sibi
865 4303 998 4385 iunctis,
1032 4307 1131 4370 tanta
1151 4303 1309 4372 bcilitate

264 4408 392 4476 thecam
414 4409 552 4475 candem
573 4409 691 4489 elevat,
724 4410 763 4472 ut
785 4407 834 4472 nil
856 4407 1010 4494 ponderis
1031 4405 1184 4473 habuisse
1213 4403 1334 4496 puta'

262 4518 365 4580 retur.
434 4511 535 4578 Unde
576 4511 689 4600 patuit
721 4509 884 4576 universis
929 4507 1099 4576 antistites
1128 4509 1309 4598 inposturae

263 4615 392 4682 zizanio
424 4613 613 4680 nullatcnus
644 4613 795 4680 carnisse.
843 4613 988 4701 Arrepto
1009 4612 1142 4678 demum
1173 4613 1238 4694 via,
1272 4614 1309 4678 in

263 4740 382 4807 magno
416 4738 551 4784 maerore
573 4717 745 4783 civitatem
766 4715 910 4802 reliquit,
944 4715 1087 4803 plurima
1119 4715 1225 4802 plebis
1246 4715 1310 4782 fre·

259 4821 398 4909 quentia
427 4823 578 4888 sanctum
611 4819 726 4908 procul
757 4819 799 4886 ab
831 4820 912 4886 urbe
949 4824 1172 4907 prosequente.
1239 4817 1310 4885 Nec
