3542 5800
480 840 526 887 nr
548 836 664 889 ersus
685 836 806 889 11111111
828 836 1014 889 saon-m
1036 823 1090 893 ⁷0.
1248 820 1312 891 379

264 1048 403 1115 regnum
420 1027 686 1116 quinquennum,
710 1028 825 1093 eodem
848 1026 973 1093 scilicet
987 1046 1148 1093 annorum
1169 1046 1313 1105 numero,
1326 1038 1394 1093 aa.
1406 1044 1462 1093 ser.

266 1152 331 1217 quo
365 1134 400 1195 et
436 1130 554 1196 fratres
588 1131 639 1197 sui
679 1130 867 1218 supradicti,
907 1129 1086 1196 miserabili
1117 1134 1152 1195 et
1185 1149 1316 1217 prorsus

266 1232 408 1299 dolenda
430 1238 526 1314 sorte,
550 1238 589 1299 ut
612 1234 781 1299 inmatura
804 1254 918 1299 omnes
943 1234 1172 1301 occumberent
1200 1238 1316 1311 morte,

267 1334 332 1399 nisi
356 1334 442 1421 quod
464 1334 569 1401 tantis
592 1334 687 1401 malis
711 1335 979 1423 obstrepentibus
1000 1337 1082 1423 regii
1097 1335 1191 1423 pueri
1214 1336 1317 1422 magis

267 1442 421 1525 optarent
452 1438 627 1504 honestum
661 1438 788 1504 exitum
821 1459 920 1524 quam
951 1438 1105 1503 acerbum
1134 1437 1317 1525 imperium.

268 1540 362 1605 Adeo
385 1539 531 1605 animose
555 1562 614 1627 pro
636 1540 745 1627 patria
770 1562 803 1605 se
828 1540 1001 1605 certamini
1028 1540 1163 1620 dabant,
1189 1545 1319 1605 utnon

268 1642 334 1707 illis
367 1642 526 1728 impuberi
556 1642 684 1719 debeat,
708 1642 737 1707 si
771 1642 879 1707 minus
909 1639 1048 1707 cedebat
1080 1663 1122 1707 ex
1152 1642 1319 1707 sententia

268 1742 357 1831 quod
380 1744 573 1809 intendebat
595 1743 740 1809 audacia.
787 1742 941 1831 Denique
962 1743 1128 1809 memoriae
1150 1743 1318 1831 proditum

269 1844 357 1933 quod
386 1846 450 1911 iste
487 1868 547 1912 rex
583 1845 697 1913 novies
723 1866 811 1911 anno
855 1867 923 1911 uno
957 1844 1084 1912 collatis
1121 1849 1156 1911 et
1192 1844 1320 1911 infestis

269 1947 373 2036 signis
408 1951 522 2015 contra
557 1946 665 2015 hostes
702 1946 898 2029 conflixerit,
938 1947 1032 2013 varia
1069 1947 1146 2013 licet
1177 1946 1317 2027 fortuna,

269 2050 390 2138 saepius
424 2056 536 2117 tamen
567 2050 683 2131 victor,
709 2056 830 2137 praeter
852 2049 980 2117 subitos
1003 2071 1166 2130 excursus,
1198 2049 1319 2135 quibus

271 2152 397 2219 bellica
412 2152 493 2219 artis
514 2174 637 2239 gnarus
659 2152 867 2240 populatores
889 2152 1042 2240 palantes
1056 2153 1168 2220 crebro
1191 2151 1319 2218 afflixit

271 2255 443 2321 Interfecti
473 2254 561 2321 enim
610 2260 688 2321 suut
724 2278 745 2321 a
777 2260 872 2344 parte
909 2255 1082 2322 Danorum
1127 2278 1185 2321 rex
1223 2278 1319 2335 unus,

271 2358 405 2425 comites
442 2380 562 2423 novem
595 2358 799 2447 populusque
834 2356 875 2425 de
922 2356 1029 2424 Danis
1067 2359 1137 2425 sine
1174 2379 1318 2425 numere.
1331 2384 1458 2439 Meos

272 2458 434 2526 Mirabilis
456 2483 524 2547 prae
547 2462 661 2527 ceteris
683 2482 796 2549 pugna
818 2458 889 2541 fuit,
905 2484 1003 2551 quam
1020 2463 1109 2551 apud
1123 2460 1320 2529 Ascheudon
1331 2452 1446 2569 ffa-

272 2564 358 2630 feeit.
405 2560 633 2649 Congregato¹
667 2585 810 2649 namque
835 2586 874 2631 eo
896 2564 959 2630 loci
977 2566 1149 2631 Danorum
1174 2567 1320 2632 exercitu
1332 2558 1404 2638 will

272 2674 306 2732 et
328 2668 364 2732 in
386 2670 495 2753 partes
522 2666 637 2747 diviso,
659 2664 736 2732 binc
759 2666 887 2733 duobus
909 2666 1042 2754 regibus
1064 2654 1478 2788 111111οι111111εῇζξῐῗ)Γ76

272 2768 418 2847 ducibus,
452 2789 511 2833 rex
533 2789 606 2833 cum
628 2767 731 2833 fratre
755 2768 891 2835 Alfredo
922 2770 991 2835 sive
1021 2770 1167 2837 Aluredo
1200 2771 1322 2837 adven·
1384 2760 1421 2783 '⁶
1481 2760 1487 2771 ¹

272 2873 370 2938 tavit.
417 2870 537 2958 Itaque
564 2870 682 2936 sortito
707 2892 768 2958 par
789 2868 862 2960 pari
886 2871 1036 2955 retulere,
1062 2879 1100 2938 ut
1124 2872 1321 2939 Ethelredus

274 2980 387 3042 contra
424 2995 524 3062 reges
564 2971 718 3038 Allredus
756 2974 826 3040 sive
864 2973 1030 3040 Aluredus
1072 2981 1187 3041 contra
1224 2975 1321 3042 duces

273 3077 471 3144 consisteret
529 3075 785 3164 Utrorumque⁹
807 3077 1011 3144 exercituum
1045 3078 1163 3144 animis
1184 3079 1312 3144 erectis

275 3203 391 3268 vesper
412 3179 478 3244 iam
514 3177 667 3245 occiduus
701 3178 826 3245 bellurn
856 3180 893 3245 in
927 3180 1106 3246 crastinum
1134 3182 1320 3268 protelavit.

275 3281 346 3350 vix
357 3303 434 3370 ergo
445 3285 580 3368 repente
595 3279 740 3347 diluculo
749 3281 904 3350 Alfredus
919 3282 990 3348 sive
1005 3283 1169 3350 Alumdus
1183 3290 1321 3372 paratus

273 3385 409 3464 aderat;
432 3383 534 3448 frater
548 3405 626 3450 vero
651 3383 721 3450 eius
743 3407 804 3450 rex
820 3385 1015 3452 Ethelredus
1037 3387 1151 3452 divino
1173 3386 1322 3453 intentus
1334 3419 1406 3478 Ion,

275 3486 379 3553 officio
408 3491 612 3552 remanserat
641 3485 677 3549 in
710 3487 873 3553 tentorio:
920 3487 1175 3577 stimulatusque
1204 3490 1427 3556 1111101385·

274 3610 417 3677 paganos
455 3587 596 3654 efferatis
635 3587 802 3655 mentibus
851 3589 984 3673 irruere,
1020 3594 1156 3680 negavit
1194 3615 1253 3658 rex
1289 3615 1323 3660 se

276 3713 439 3780 quoquam
466 3689 627 3778 progredi,
652 3691 759 3777 quoad
776 3698 861 3758 esset
875 3693 953 3759 finis
976 3693 1078 3760 officii
1125 3694 1205 3775 Quae
1219 3695 1324 3762 fidee⁸

275 3795 361 3883 regis
397 3793 539 3860 multum
553 3791 691 3859 fratrem
737 3793 868 3860 adiuvit
910 3797 1140 3863 inmaturitate
1176 3797 1322 3865 iuventae

275 3918 516 3986 praeproperum
547 3899 581 3962 et
603 3895 671 3962 iam
701 3918 914 3984 progressum.
974 3898 1127 3986 Namque
1150 3897 1216 3965 iam
1238 3901 1322 3966 acies

276 4001 459 4089 Anglorum
476 3997 694 4079 declinabant,
711 4004 746 4065 et
760 4001 958 4088 urgentibus
981 4023 1022 4068 ex
1043 4001 1113 4068 alto
1128 4003 1323 4069 adversariis

276 4101 385 4189 fugam
409 4099 664 4180 meditabantur,
689 4100 777 4188 quod
801 4102 915 4190 iniquo
939 4103 1135 4170 Christianis
1149 4104 1219 4170 loco
1241 4129 1323 4194 pug-

277 4209 435 4286 naretur3
473 4225 547 4268 cum
572 4201 627 4268 ille
654 4203 718 4270 Dei
740 4226 832 4272 cruce
855 4207 1067 4294 consignatus
1092 4228 1135 4272 ex
1157 4207 1324 4295 insperato

277 4306 420 4385 advolat
451 4307 578 4371 hostem
608 4305 814 4393 proturbans,
852 4309 957 4375 civem
994 4309 1030 4374 11
1071 4331 1163 4376 arma
1198 4333 1323 4378 acuens.

310 4592 483 4659 ι1119119111]
497 4599 654 4659 congregata,
666 4591 723 4642 MS.
866 4594 960 4662 ψει]
974 4595 1041 4660 fidei,
1051 4597 1107 4648 MS.

311 4671 495 4737 ’abmmqad
509 4671 580 4722 Will.
593 4671 680 4722 Malu.
693 4689 701 4730 ς
714 4677 781 4721 utro-

278 4765 335 4819 que,
347 4751 403 4802 MS.
