3542 5800
437 789 479 851 56
696 802 762 853 nic.
786 804 834 852 nr
855 802 990 855 crasso
1014 802 1105 855 senc.
1131 804 1217 855 rusr.

435 990 628 1076 parantibus
649 996 775 1057 aetema
796 992 833 1057 in
855 991 944 1058 coelis
966 992 1090 1078 gaudia
1112 997 1147 1058 et
1164 1014 1304 1081 regnum
1326 993 1397 1059 sine
1420 993 1486 1059 fine

435 1114 510 1156 cunr
534 1092 620 1158 De0¹
654 1095 734 1159 vivo
757 1100 792 1160 et
825 1117 905 1161 vero
938 1095 1090 1160 futurum
1121 1096 1193 1163 sine
1222 1096 1292 1161 ulla
1313 1096 1487 1161 dubietate

434 1195 653 1280 promitteret.
698 1197 764 1278 Qui
787 1198 858 1263 haec
880 1198 1026 1279 audiens,
1049 1220 1180 1263 manere
1195 1198 1269 1264 illos
1283 1199 1320 1263 in
1335 1221 1374 1263 ea
1389 1220 1488 1285 quam

433 1296 585 1362 adierant
616 1298 733 1380 insula,
773 1304 807 1365 et
846 1301 893 1365 eis
931 1301 1114 1367 necessaria
1153 1300 1345 1381 ministrari,
1385 1301 1487 1367 donec

433 1400 564 1465 videret
594 1402 675 1487 quid
707 1402 755 1468 eis
786 1402 916 1483 feceret,
950 1403 1054 1469 iussit
1101 1402 1191 1468 Num
1221 1408 1256 1469 et
1278 1408 1378 1469 antea
1398 1404 1487 1469 fama

433 1504 477 1567 ad
506 1525 582 1569 curn
607 1504 807 1571 Christianae
838 1506 1007 1593 religionis
1040 1512 1244 1593 pervenerat,
1277 1512 1394 1594 utpote
1429 1506 1486 1593 qui
1582 1578 1585 1583 ,

433 1610 467 1672 et
499 1628 636 1672 uxorem
663 1605 810 1673 habebat
840 1607 1067 1673 Christianam
1096 1609 1137 1674 ds
1161 1614 1261 1695 gente
1283 1608 1485 1675 Francorum

432 1708 589 1796 reginam,
622 1709 783 1775 vocabulo
815 1710 992 1775 Bertham:
1033 1732 1133 1796 quam
1164 1732 1203 1776 ea
1240 1710 1429 1777 condicione
1465 1734 1487 1777 a

431 1812 623 1897 parentibus
653 1816 830 1898 acceperat,
864 1817 905 1878 ut
935 1812 1037 1876 ritum
1060 1812 1139 1877 fidei
1168 1834 1206 1878 ec
1227 1813 1394 1899 religionis
1416 1836 1485 1880 sues
1539 1874 1542 1881 .

431 1935 506 1979 cum
523 1914 672 2001 episcopo
689 1936 786 1999 quem
802 1914 833 1978 ei
847 1914 1035 1979 adiutorem
1057 1914 1134 1980 fidei
1158 1915 1326 1995 dederant,
1350 1917 1484 1982 nomine

431 2016 621 2097 Liuthardo,
644 2017 842 2083 inviolatum
865 2038 995 2083 servare
1018 2015 1183 2083 licentiam
1206 2016 1348 2085 haberet.

263 2126 394 2197 Theling
475 2118 556 2183 Post
571 2119 640 2183 dies
655 2141 733 2206 ergo
756 2120 851 2184 venit
873 2120 917 2185 ad
939 2117 1085 2185 insulam
1108 2142 1176 2201 rex,
1200 2123 1235 2187 et
1256 2120 1401 2187 residens
1422 2122 1483 2188 sub

260 2192 400 2325 ffin‘gu'
431 2220 509 2286 divc
540 2221 638 2287 iussit
671 2222 900 2308 Augustinum
934 2242 1009 2287 cum
1043 2222 1139 2288 sociis
1169 2222 1213 2287 ad
1242 2244 1338 2288 suum
1360 2223 1483 2289 ibidem

430 2323 585 2390 advenire
616 2324 825 2409 colloquium.
871 2324 1015 2390 (laverat
1038 2324 1170 2389 autem²
1203 2346 1245 2391 ne
1277 2326 1312 2391 in
1340 2327 1482 2412 aliquam

429 2426 564 2493 domum
579 2428 622 2492 ed
637 2449 671 2493 se
686 2428 873 2506 introirent,
897 2432 1009 2494 vetere
1031 2448 1110 2493 usus
1132 2428 1279 2515 augurio,
1302 2448 1344 2493 ne
1373 2450 1484 2515 super-

427 2536 533 2595 ventu
554 2551 624 2610 suc,
645 2529 674 2596 si
697 2529 777 2615 quid
791 2530 948 2597 maleficae
964 2530 1047 2595 artis
1062 2529 1264 2611 habuissent,
1289 2552 1365 2597 sum
1389 2553 1482 2617 supe-

426 2632 530 2697 rando
561 2632 757 2719 deciperent.
815 2632 864 2697 At
895 2632 944 2697 illi
974 2653 1043 2697 non
1073 2630 1254 2699 daemonica
1276 2632 1334 2700 sed
1356 2632 1482 2697 Divina

426 2734 552 2799 virtute
574 2734 708 2821 praediti
738 2735 929 2816 veniebant,
953 2756 1081 2800 crucem
1104 2757 1163 2821 pro
1193 2734 1316 2801 vexillo
1339 2736 1481 2801 ferentes

426 2841 625 2922 argenteam,
658 2843 693 2903 et
722 2837 904 2925 imaginem
935 2837 1072 2904 Domini
1099 2836 1284 2904 salvatoris
1305 2838 1343 2903 in
1364 2838 1481 2904 tabula

427 2938 600 3026 depictam,
616 2941 822 3026 letanissque
844 2945 999 3006 canentes
1022 2961 1080 3027 pro
1103 2939 1284 3031 sua-simul
1306 2945 1341 3007 et
1365 2963 1478 3007 eorum

424 3048 560 3130 propter
582 3067 663 3130 quos
686 3049 721 3110 et
736 3045 779 3109 ad
795 3066 877 3130 quos
893 3049 1055 3110 venerant
1069 3043 1178 3110 seluto
1193 3050 1320 3111 aeterna
1334 3043 1478 3110 Domino

424 3146 664 3234 supplicabant.
722 3147 873 3233 Cumque
907 3147 950 3212 ad
979 3145 1157 3212 iussionem
1188 3146 1276 3234 regis
1298 3145 1479 3213 residentes

422 3250 563 3314 verbum
593 3251 624 3314 ei
656 3251 737 3316 vitae
771 3271 840 3315 una
873 3271 948 3316 cum
980 3249 1133 3315 omnibus
1156 3251 1215 3336 qui
1248 3251 1386 3318 aderant
1408 3249 1479 3316 eius

423 3352 600 3416 comitibus
622 3352 849 3438 praedicarent,
871 3352 1042 3440 respondit
1064 3373 1125 3418 rex
1146 3353 1278 3419 dicens:
1320 3353 1472 3419 “Pulcra

422 3453 556 3538 quidem
578 3460 656 3519 sunt
679 3455 781 3519 verba
802 3460 837 3520 et
859 3457 1019 3542 promissa
1039 3477 1113 3542 quae
1135 3455 1278 3535 affertis3
1311 3457 1369 3522 sed
1399 3458 1476 3543 quia

421 3574 510 3620 nova
532 3560 611 3622 sunt
634 3561 668 3622 et
690 3556 825 3638 incerta,
857 3579 927 3623 non
949 3559 1000 3624 his
1032 3560 1130 3625 modo
1153 3581 1286 3646 possum
1308 3581 1473 3626 assensum

420 3656 575 3739 tribuere,
605 3659 733 3727 relictis
763 3661 811 3725 eis
844 3683 918 3746 quae
953 3667 1049 3728 tanto
1088 3667 1236 3751 tempore
1273 3685 1348 3728 cum
1385 3661 1474 3729 omni

420 3759 605 3848 Anglorum
639 3767 739 3849 gente
771 3765 912 3833 servavi.
960 3765 1085 3831 Verum
1119 3767 1197 3853 quia
1230 3766 1272 3832 de
1305 3765 1404 3854 longe
1437 3767 1472 3831 in

419 3881 558 3951 regnum
596 3887 707 3932 meum
745 3868 911 3955 peregrini
949 3871 1097 3948 venistis,
1145 3875 1180 3935 et
1216 3874 1256 3936 ut
1294 3891 1354 3958 ego
1391 3869 1475 3935 mihi

418 3967 533 4034 videor
554 3971 769 4057 perspexisse,
793 3992 833 4035 ea
862 3992 937 4056 quae
968 3993 1027 4037 vos
1057 3976 1194 4038 verast
1217 3973 1472 4060 cptimacrede·

418 4066 514 4150 betis,
547 4073 642 4138 nobis
676 4094 806 4159 quoque
834 4075 1074 4140 communicare
1110 4075 1342 4158 desiderastis‘3
1377 4077 1471 4141 nolu-

419 4192 492 4236 mus
529 4174 659 4238 molesti
691 4196 760 4240 esse
798 4175 916 4241 vobis:
963 4177 1045 4262 quin
1082 4178 1194 4264 potius
1232 4177 1375 4264 benigno
1411 4198 1473 4243 vos

418 4273 561 4359 hospitio
598 4277 749 4363 recipere,
789 4283 824 4344 et
861 4301 1067 4368 quaecunque
1104 4280 1210 4346 victui
1247 4285 1366 4347 vestro,
1393 4285 1473 4346 sunt

417 4376 599 4443 neoessaria
620 4377 811 4445 ministrare
833 4401 1006 4450 curamus:
1042 4405 1104 4451 nec
1127 4389 1239 4452 tamen
1260 4383 1473 4473 prohibemus

447 4705 454 4738 ¹
474 4706 542 4774 Dec]
562 4707 601 4769 do,
614 4703 764 4770 firsthrcd3
781 4709 836 4772 deo,
848 4709 940 4762 second
951 4709 1026 4763 hand.
1126 4711 1243 4780 iocum]
1263 4713 1340 4779 enim,
1352 4715 1413 4767 uec
