3542 5800
476 901 524 952 nr
543 898 660 950 omns
680 897 802 950 mauu
823 895 1006 948 sucu-rr
1031 877 1081 950 67.
1225 875 1290 941 313

247 1094 322 1156 rent
344 1087 544 1155 Kenelmum
565 1087 603 1154 in
624 1087 844 1177 patrocinium
865 1085 1046 1152 multorum
1060 1081 1291 1150 venerandum.

248 1191 368 1278 ltaque
396 1192 441 1257 ad
477 1192 707 1258 auctoritatem
740 1189 952 1278 apostolicam
982 1191 1017 1254 et
1053 1181 1292 1272 archipraesulis

249 1299 418 1382 potentem
446 1295 589 1382 gratiam
618 1299 692 1360 tota
722 1294 817 1382 plebe
847 1291 1045 1358 Marciorum
1075 1287 1290 1375 conspirante,

250 1399 412 1485 excipitur
432 1419 560 1465 sacrum
581 1419 696 1486 corpus
711 1395 864 1463 Kenelmi
883 1393 1039 1482 martyris
1064 1413 1137 1459 cum
1152 1409 1293 1478 superne
1305 1381 1432 1502 ἓξὲξ·

248 1498 350 1577 laude,
390 1501 546 1586 quatinus
582 1500 816 1566 transferretur
851 1499 895 1566 ad
939 1497 1073 1563 beatum
1110 1493 1293 1582 genitorem
1306 1467 1461 1570 (misma

249 1624 346 1668 suum
368 1602 607 1680 Winchecomb,
630 1602 690 1669 ubi
711 1603 799 1668 idem
822 1602 895 1669 Deo
918 1598 1069 1666 amabilis
1098 1619 1157 1663 rex
1186 1595 1295 1682 requi·

251 1705 331 1772 escit
356 1704 393 1771 in
415 1707 541 1793 templo
563 1706 651 1794 quod
672 1707 742 1794 ipss
764 1705 828 1772 Dei
858 1703 1014 1794 genetrici
1035 1700 1191 1788 regaliter
1220 1719 1295 1764 con-

251 1808 337 1875 didit
359 1831 397 1875 ec
417 1810 517 1896 regiis
539 1809 656 1896 opibus
677 1809 808 1888 extulit,
832 1829 907 1875 cum
929 1806 976 1872 ibi
1000 1803 1181 1870 firmaverit
1204 1801 1297 1889 oppi-

251 1912 331 1978 dum
353 1934 448 1978 muro
478 1912 631 1978 cinctum.
688 1911 731 1978 In
754 1911 977 1999 assumptione
1003 1913 1114 1974 autem
1140 1905 1296 1972 almifluae

250 2015 354 2102 glebas
368 2016 496 2103 abipsa
510 2016 581 2082 eius
594 2015 748 2103 spelunca
761 2037 784 2080 a
796 2017 932 2102 repente
953 2011 1026 2077 fons
1048 2031 1138 2076 sacer
1155 2009 1296 2087 emersit,

252 2120 309 2205 qui
338 2119 497 2186 hactenus
518 2119 557 2183 in
576 2119 685 2185 rivum
707 2117 813 2184 effluit
835 2122 870 2182 et
891 2113 1007 2181 multis
1036 2111 1115 2179 inde
1136 2110 1297 2201 gustanti-

251 2223 313 2287 bus
343 2223 484 2288 salutem
517 2221 687 2310 impendit
732 2219 817 2286 Cum
838 2241 916 2307 ergo
951 2216 1122 2284 efferretur
1154 2238 1173 2280 e
1203 2214 1295 2292 silva,

251 2325 435 2391 confluente
457 2347 532 2390 cum
560 2324 711 2412 patribus
732 2323 880 2389 maxima
901 2320 1121 2410 multitudine,
1145 2319 1298 2386 detentus

252 2433 303 2494 est
331 2428 369 2492 in
395 2427 521 2505 itinere,
552 2427 612 2492 ubi
641 2427 783 2515 plurima
803 2425 903 2492 turba
925 2445 1092 2502 caecorum,
1115 2424 1295 2500 surdorum,

252 2531 449 2607 claudorum,
472 2530 740 2616 diversorumque
761 2529 956 2617 languorum
978 2528 1124 2615 undique
1146 2527 1298 2593 annitens

252 2638 365 2699 curata
386 2640 445 2699 est.
491 2633 577 2699 (lum
598 2639 711 2699 autem
732 2639 956 2720 asportaretur
976 2654 998 2698 a
1023 2631 1143 2720 populo
1165 2631 1298 2719 provin-
1310 2615 1470 2672 memmi

253 2737 312 2802 eise
335 2736 555 2813 Gloucestriae,
579 2736 721 2802 occurrit
742 2741 888 2802 armatus
911 2735 1049 2822 populus
1064 2733 1298 2822 Wygornensis
1310 2689 1456 2807 pppqupr

253 2839 438 2928 provinciae,
476 2839 673 2926 obstititque
709 2839 754 2904 ad
793 2839 915 2906 vadum
953 2837 1105 2920 Piriford,
1144 2837 1299 2925 quatinus
1311 2830 1465 2941 ffippn

253 2943 348 3007 illum
369 2943 641 3030 pretiosissimum
662 2941 854 3008 thesaurum
875 2965 896 3007 a
920 2941 1211 3019 Glauestrensibus,
1236 2942 1299 3006 nisi
1312 2956 1431 3009 mereim

255 3046 342 3113 ultro
363 3046 576 3124 cederentur
597 3050 740 3121 castrum
754 3044 968 3133 Wigorneuse
983 3044 1155 3110 auferrent.
1193 3044 1303 3108 Alter-

256 3148 406 3215 cantibus
432 3153 543 3214 autem
569 3149 718 3235 utrisque
747 3148 906 3235 partibus,
930 3147 1014 3213 sieut
1044 3146 1208 3234 quondam
1238 3146 1303 3213 Tu·

256 3251 376 3318 ronicis
391 3257 426 3317 et
440 3250 587 3317 Pictavis
609 3272 669 3338 pro
690 3250 781 3317 beati
796 3249 936 3317 Martini
950 3272 1090 3338 corpore,
1107 3250 1303 3339 complacuit

254 3356 389 3421 tandem
411 3359 451 3420 ut
480 3354 619 3443 populus
642 3352 730 3443 [qui]
761 3353 798 3418 in
825 3354 1012 3442 crepusculo
1041 3353 1207 3441 sequentis
1237 3352 1305 3419 diei

254 3459 347 3545 prior
374 3456 570 3546 evigilasset,
593 3457 847 3523 sacratissimum
870 3458 1068 3525 Kenelmum
1099 3458 1191 3545 quasi
1221 3457 1305 3524 divi-

256 3562 347 3626 nitus
369 3560 487 3627 datum
508 3560 574 3625 sibi
594 3560 747 3626 auferret.
808 3561 929 3648 Itaque
952 3561 1199 3629 Glauestrenses
1220 3561 1306 3649 vigi·

256 3663 412 3729 lautiores
432 3664 500 3729 iam
523 3663 667 3751 quinque
688 3662 838 3732 miliariis
860 3688 934 3731 cum
950 3688 1040 3731 sacra
1053 3665 1150 3753 gleba
1164 3687 1303 3747 evasere,

257 3772 435 3854 antequam
472 3765 704 3853 Wigornenses
740 3772 873 3854 possent
919 3769 1146 3856 expergiscere.
1213 3768 1307 3833 Tune

257 3891 335 3935 vero
357 3868 484 3935 accensi
506 3868 557 3933 ira
578 3874 612 3934 et
641 3868 759 3936 rubore
781 3870 977 3957 insequatur
1006 3876 1079 3937 tota
1100 3870 1201 3936 animi
1223 3870 1308 3935 cele·

256 3972 364 4038 ritate.
427 3971 517 4052 Quos
547 3970 606 4036 ubi
636 3971 763 4037 eminus
791 3994 963 4059 respexere
985 3971 1128 4060 fugitivi,
1151 3973 1305 4038 invocato

258 4075 414 4163 suffragio
444 4073 535 4140 ducis
566 4072 720 4140 Kenelmi
748 4098 807 4165 per
835 4080 1010 4162 angustam
1040 4075 1190 4142 semitam
1219 4076 1307 4141 inter

257 4180 400 4245 frutecta
420 4176 629 4265 protegentia
649 4196 819 4245 excurrere
842 4178 959 4245 anheli
1017 4178 1155 4266 Iamque
1177 4179 1212 4244 in
1233 4200 1307 4245 con·

259 4287 373 4370 spectu
393 4280 584 4347 monasterii
606 4279 923 4348 Wincheeombensis
944 4280 1031 4369 fuga,
1054 4281 1173 4360 labore,
1188 4282 1308 4369 sitique

258 4384 453 4474 gravissima
475 4382 594 4449 defessi
617 4384 835 4450 subsederunt
858 4406 933 4450 cum
956 4388 1068 4451 sancta
1088 4385 1185 4473 gleba
1207 4386 1308 4473 respi-

261 4488 376 4555 raturi
428 4487 502 4553 Neo
533 4486 663 4574 prodire
685 4488 765 4568 ausi,
788 4488 966 4575 poscebant
995 4508 1030 4554 se
1060 4490 1148 4554 tanti
1177 4490 1308 4576 patroni

261 4592 437 4680 praesentia
467 4589 648 4656 remediari
694 4590 860 4657 Continuo
894 4612 972 4657 vero
1003 4592 1076 4657 fons
1110 4594 1218 4680 erupit
1247 4592 1309 4659 sub

261 4696 405 4781 quadam
426 4698 539 4781 pet1a3
569 4714 636 4781 qua
656 4692 770 4759 ablate
790 4700 881 4761 totus
913 4699 1017 4761 scetus
1048 4694 1187 4761 salutem
1220 4694 1309 4761 bibit

263 4804 299 4867 et
318 4798 483 4887 processit
528 4796 617 4863 Fons
631 4801 744 4865 autem
765 4796 924 4865 hactenus
944 4798 981 4865 in
1003 4818 1134 4865 amnem
1156 4798 1308 4865 decurrit.
