3542 5800
466 893 512 942 ur
534 893 648 944 omns
670 893 791 945 trouu
813 893 995 945 mon-u.
1013 881 1063 946 64.
1220 879 1285 953 27³

244 1079 388 1165 pitaram,
427 1087 563 1170 expecto
596 1081 848 1149 misericordium
893 1089 953 1150 eut
989 1083 1154 1162 iudicium,
1186 1103 1284 1168 quam

244 1181 359 1248 reddet
380 1205 440 1270 pro
460 1184 587 1251 meritis
609 1185 737 1252 iustitis
763 1185 891 1253 dextre
914 1207 989 1254 suae.
1035 1186 1155 1253 Ieoiruo
1181 1185 1285 1252 fidens

244 1283 280 1348 in
304 1283 399 1350 illum
424 1287 588 1354 mandatis
612 1287 681 1354 eius
706 1289 907 1375 exequendis
928 1289 1108 1370 inteudm,
1139 1293 1174 1354 et
1203 1310 1285 1376 prae-

245 1386 325 1454 duae
347 1388 457 1477 gretia
483 1391 556 1471 Dei,
583 1389 692 1456 Offom
714 1393 930 1478 grsudaevum
956 1414 1065 1480 regem
1090 1391 1285 1458 Merniorum

244 1491 393 1558 revisam.
440 1492 537 1575 Quod
558 1493 665 1582 plooet
685 1493 858 1562 Conditori
880 1516 955 1562 meo
977 1501 1017 1562 ut
1031 1495 1204 1584 perieram,
1218 1494 1287 1582 ipse

243 1595 428 1681 praevidaat.
465 1595 502 1665 Si
516 1597 691 1685 eontigerit
704 1598 741 1663 in
755 1619 833 1687 puae
848 1619 922 1664 oum
938 1597 1043 1664 salute
1057 1597 1185 1677 revorti,
1199 1597 1288 1664 illius

244 1699 307 1763 erit
328 1699 562 1788 omnipotentis
581 1699 716 1767 auxilii:
740 1702 768 1766 si
789 1722 867 1768 vero
888 1722 941 1766 me
963 1701 1095 1767 siomius
1117 1701 1286 1766 incautum

245 1801 405 1884 occiderit,
438 1801 639 1891 Redemptor
667 1803 783 1868 mundi
812 1807 920 1871 erutos
950 1803 1066 1870 animae
1103 1824 1185 1869 meae
1212 1801 1287 1870 sit”

248 1901 327 1970 Haea
366 1909 401 1970 et
431 1905 527 1992 plura
562 1903 784 1972 huiusoemodi
821 1912 1037 1994 prosequente
1070 1905 1284 1984 AEthelbart0‚

244 2005 331 2072 filius
351 2012 387 2073 et
407 2011 515 2074 mater
528 2007 629 2074 divisi
650 2009 786 2074 suntab
805 2009 973 2076 alterutro.
1010 2008 1055 2076 Et
1068 2009 1141 2095 quis
1161 2011 1197 2074 in
1215 2013 1284 2074 tem

245 2109 349 2176 amioa
373 2109 535 2177 divisione
559 2132 627 2177 non
651 2111 767 2178 fleret?
795 2117 856 2178 aut
880 2113 954 2199 quis
978 2133 1032 2178 eos
1058 2112 1129 2178 sino
1151 2112 1286 2198 planctu

246 2217 281 2277 et
316 2211 443 2300 gemitu
476 2212 628 2280 videret?
676 2218 805 2280 tontum
838 2214 955 2302 patriae
986 2214 1221 2281 desolationem
1258 2213 1287 2278 si

245 2320 362 2393 nosset,
393 2338 415 2380 a
443 2315 551 2382 dolore
588 2321 624 2381 et
659 2315 799 2382 lacrimis
829 2315 903 2403 quis
940 2321 1120 2406 temperare
1157 2318 1287 2406 posset?

244 2415 327 2485 Haeo
344 2418 455 2485 omnia
482 2419 518 2484 in
552 2418 687 2486 civitate
709 2419 799 2506 regia
831 2419 919 2486 iaetu
951 2425 1036 2500 sunt,
1069 2442 1167 2506 quum
1200 2419 1287 2486 anti-

245 2520 357 2606 quitus
378 2521 561 2589 orientales
582 2521 685 2610 Angli
709 2522 825 2588 urbem
848 2521 1011 2611 Baderogi
1033 2529 1242 2592 vomuerunt

268 2811 515 2882 Commotus.
580 2814 646 2883 Ubi
676 2815 871 2884 AEttetberto
901 2816 1131 2907 proficiscente
1167 2824 1264 2885 aruo

595 2924 708 2986 motus
722 2920 843 3007 sactus
864 2926 918 2987 eet.

289 3108 490 3175 Puouuulus
518 3113 570 3174 ost
594 3107 697 3195 igitur
721 3130 781 3174 rex
811 3129 883 3175 oum
914 3109 1050 3175 ducibus
1079 3116 1114 3175 et
1141 3109 1283 3176 tribunis
1295 3124 1430 3177 Anaet-

246 3216 280 3277 et
306 3210 420 3299 primis
449 3212 555 3299 regni,
583 3208 810 3278 benedictione
834 3211 934 3277 etium
963 3210 1134 3279 roboratus
1165 3192 1384 3301 episcoqum·

244 3315 318 3404 pali,
338 3336 406 3381 non
428 3314 516 3380 ultra
541 3314 670 3379 visurus
689 3332 878 3401 generosum
900 3314 1016 3383 faeiem
1038 3316 1166 3383 dileetae
1188 3338 1285 3403 gene-

245 3420 333 3485 tricis
354 3442 422 3487 suae
446 3415 511 3483 nisi
534 3416 677 3483 donante
707 3422 742 3483 et
770 3423 937 3484 annuente
961 3418 1032 3485 Deo
1055 3418 1092 3485 in
1116 3440 1286 3507 regenere-

245 3520 352 3589 tione¹
400 3526 584 3588 sanctorum
632 3523 667 3585 et
713 3520 819 3608 gloria
854 3522 1104 3589 inmortalitatis
1142 3529 1283 3593 aeternae.

246 3626 310 3693 Sed
331 3627 369 3691 in
391 3626 461 3714 ipso
481 3623 615 3690 exordio
633 3622 845 3711 profectionis
868 3647 943 3704 suae,
967 3630 1144 3715 antequem
1164 3650 1284 3715 equum

242 3728 369 3817 legatur
395 3726 585 3808 aseendisse,
608 3726 758 3792 mirabile
781 3726 911 3815 signum
936 3750 957 3794 a
980 3726 1053 3795 Deo
1075 3731 1285 3817 stupentibus

244 3832 367 3900 eunetis
396 3831 565 3898 evidenter
600 3829 756 3910 innotuit
789 3832 877 3916 quod
906 3832 1051 3898 omnium
1080 3832 1283 3899 audientium

244 3936 339 4003 eorda
373 3935 518 4001 maximo
553 3936 678 4001 terrore
723 3934 892 3999 ooneussit
961 3934 1031 4000 Sub
1068 3956 1106 4001 eo
1143 3957 1283 4021 namque

240 4038 432 4106 aseendente
468 4043 556 4104 terra
598 4041 690 4103 mota
726 4039 786 4117 eet,
823 4037 1061 4125 imminensque
1105 4038 1282 4125 periculum

242 4142 356 4209 mortis
385 4142 456 4208 eius
484 4140 545 4207 tali
574 4144 695 4206 eventu
723 4140 902 4227 figuratum
926 4144 982 4205 est
1039 4138 1128 4220 Quid
1153 4140 1282 4221 mirum,

242 4246 270 4312 oi
298 4244 412 4314 eadem
442 4244 479 4310 in
508 4252 613 4311 morte
638 4248 825 4308 sanctorum
847 4240 1009 4307 Dominus
1031 4242 1184 4326 ostendit,
1209 4265 1282 4329 quoe

242 4350 277 4415 in
305 4350 454 4439 pessione
484 4368 544 4413 sua
572 4368 594 4412 a
621 4344 751 4412 Judaeis
781 4344 955 4410 muoifixus
978 4344 1153 4412 exhibuit?
1178 4347 1282 4415 ¹Cum

241 4452 277 4518 in
305 4453 396 4541 ligno
425 4451 513 4518 enim
542 4448 698 4537 penderet
727 4448 828 4514 clavis
857 4444 1013 4531 confixus,
1044 4452 1140 4521 terrae
1173 4454 1283 4516 motus

242 4554 351 4623 subito
373 4554 479 4621 faetus
500 4559 550 4620 est
576 4572 722 4641 magnus
762 4550 871 4633 Quare
895 4572 972 4639 orgo
992 4572 1059 4619 non
1084 4550 1203 4620 feceret
1222 4575 1282 4640 pro

507 4828 1026 4899 ¹ropererutim1ressenerstionam‚l18.
1069 4912 1075 4925 ⁹
1133 4914 1155 4965 s
