3542 5800
455 879 522 944 226
723 891 789 943 mc
812 892 858 942 ns
881 891 1015 944 omme.
1038 893 1127 946 erro.
1152 893 1240 946 mer.

453 1071 566 1159 ibique
590 1074 705 1143 Romae
738 1081 900 1154 attonsus,
933 1077 1165 1165 pontificatum
1196 1083 1316 1166 agente
1351 1078 1512 1144 Constan-

454 1176 534 1252 tino,
566 1199 605 1242 ao
634 1179 812 1245 monachus
841 1181 957 1258 factus,
990 1183 1033 1246 ad
1069 1183 1185 1248 limina
1221 1182 1443 1269 apostolorum
1477 1180 1512 1244 in

454 1278 613 1363 precibus,
644 1282 783 1358 ieiuniis,
815 1288 850 1349 et
880 1285 1094 1371 eleemosynis
1125 1308 1229 1372 usque
1253 1287 1297 1352 ad
1328 1285 1415 1351 diem
1441 1305 1513 1370 par-

287 1408 441 1460 cerreusuc·
455 1382 579 1447 mansit
611 1385 775 1463 ultimum,
807 1388 1000 1452 succedente
1035 1390 1071 1453 in
1102 1411 1240 1476 regnum
1274 1389 1412 1454 Oelredo
1444 1387 1513 1451 filio

287 1478 366 1527 cecus
455 1483 632 1563 Ethelmdi
665 1487 722 1573 qui
759 1495 837 1554 ante
867 1490 976 1576 ipsum
1015 1490 1206 1556 Kenredum
1245 1493 1334 1556 idem
1372 1513 1509 1578 regnum

286 1604 357 1655 wilt
454 1586 600 1653 tenebat.
647 1589 809 1656 Praefatus
831 1615 910 1658 vero
931 1616 989 1658 rex
1016 1595 1188 1660 Kenredus
1212 1593 1397 1660 miserando
1419 1593 1511 1658 exitu

285 1671 417 1790 &lmese
455 1692 623 1757 cuiusdam
653 1695 769 1760 militis
804 1699 949 1762 maxime
986 1697 1095 1763 fuerat
1131 1702 1342 1784 conpunctus,
1375 1697 1416 1761 de
1447 1717 1511 1783 quo

286 1817 424 1879 Quotation
456 1796 652 1861 venerabilis
679 1797 770 1873 Beda
799 1798 835 1863 in
870 1799 1096 1866 Ecclesiastico
1133 1801 1285 1867 Historia
1315 1800 1508 1886 Anglorum,

284 1883 432 2006 3⁰&ss
453 1897 538 1964 libro
560 1901 686 1986 quint0,
710 1901 853 1988 capitulo
868 1903 993 1969 decimo
1017 1904 1125 1984 tertio,
1150 1905 1199 1970 ita
1221 1904 1328 1970 refert.

284 1989 441 2106 Diffi?
500 2002 580 2068 Fuit
604 2005 806 2091 temporibus
831 2005 987 2088 Kenredi‚
1012 2008 1069 2092 qui
1095 2013 1170 2094 post
1198 1997 1413 2072 Ethelredum
1438 2026 1510 2092 reg·

284 2113 409 2183 peqrtos
453 2105 557 2185 navit,
573 2106 626 2170 vir
647 2107 684 2172 in
706 2107 788 2173 laico
809 2108 928 2174 habitu
952 2115 1052 2195 atque
1075 2109 1179 2176 officio
1203 2111 1340 2176 militari
1362 2109 1510 2196 positus;

284 2171 424 2296 ffiffl'
452 2208 510 2272 sed
547 2215 711 2295 quantum
748 2234 807 2298 pro
848 2213 1013 2278 industria
1055 2213 1213 2279 exteriori
1256 2213 1327 2301 regi
1368 2213 1507 2300 placens,

284 2303 428 2426 ffig'goehffid
452 2314 585 2376 tentum
607 2335 667 2400 pro
689 2315 822 2380 interna
842 2315 965 2381 suimet
985 2317 1189 2404 negligentia
1210 2317 1391 2404 displicens
1439 2315 1509 2380 Ad-

283 2437 361 2490 offl.
371 2440 431 2494 ‚m
450 2414 607 2480 monebat
639 2437 716 2503 ergo
747 2419 842 2484 illum
868 2419 981 2484 sedulo
1017 2425 1056 2485 ut
1092 2420 1303 2488 confiteretur
1332 2424 1367 2484 et
1402 2440 1509 2484 emen-

450 2514 544 2582 daret
581 2539 619 2584 ao
655 2520 855 2607 relinqueret
897 2521 1018 2588 scelera
1055 2545 1121 2600 sua,
1161 2523 1355 2612 priusquam
1398 2521 1509 2587 subito

446 2620 565 2714 mortis
584 2631 786 2710 superventu
800 2630 930 2712 tempus
946 2647 1042 2691 omne
1057 2625 1237 2714 paenitendi
1259 2633 1294 2692 et
1310 2624 1507 2692 emendandi

448 2723 605 2810 perderet.
651 2725 775 2792 Verum
797 2727 862 2808 ille,
887 2729 1077 2816 frequenter
1099 2729 1176 2796 licet
1199 2729 1398 2804 admonitus,
1420 2749 1508 2814 eper-

448 2826 549 2895 nebat
579 2828 683 2894 verba
715 2830 840 2910 salutis,
864 2853 997 2919 seseque
1030 2837 1178 2921 tempore
1209 2837 1369 2920 sequente
1404 2829 1507 2919 preni-

447 2932 588 2998 tentiam
613 2938 764 3000 acturum
789 2956 858 3001 esse
883 2935 1110 3023 promittebat.
1173 2936 1256 3003 Haeo
1282 2938 1371 3001 inter
1399 2940 1507 3001 tectus

447 3034 651 3116 infirmitate,
678 3037 801 3104 decidit
825 3038 861 3103 in
884 3039 1015 3117 lectum,
1042 3045 1142 3126 atque
1173 3039 1241 3105 a'ori
1267 3039 1372 3127 eoepit
1394 3038 1505 3105 dolore

448 3140 604 3225 torqueri.
651 3141 708 3207 Ad
730 3162 828 3228 quern
851 3142 1015 3228 ingressus
1042 3164 1109 3221 rex,
1135 3142 1296 3229 diligebat
1320 3142 1408 3207 enim
1431 3163 1505 3207 eum

450 3242 602 3321 multum,
627 3242 824 3310 hortabatur
850 3250 891 3310 ut
916 3246 970 3309 vel
996 3253 1076 3311 tuno
1107 3252 1284 3331 antequam
1315 3252 1505 3321 moreretur,

446 3346 675 3431 paenitentiam
705 3354 818 3435 ageret
848 3350 1104 3417 commissorum.
1159 3350 1208 3415 At
1239 3348 1295 3415 ille
1325 3348 1504 3435 respondit,

447 3469 513 3512 non
543 3470 577 3513 se
608 3454 687 3515 tunc
717 3450 802 3516 velle
832 3452 982 3518 confiteri
1012 3457 1145 3539 peccate
1175 3474 1241 3531 sua,
1274 3452 1332 3517 sed
1363 3473 1437 3517 cum
1462 3451 1505 3515 ab

445 3548 641 3617 infirmitate
677 3559 882 3641 resurgeret3
920 3577 962 3621 ne
1000 3556 1237 3643 exprobrarent
1275 3555 1339 3621 sibi
1369 3553 1503 3632 sodales,

445 3652 533 3739 quod
572 3653 690 3719 timore
731 3657 847 3723 mortis
885 3658 1007 3725 faceret
1049 3680 1087 3725 ea
1131 3680 1205 3744 quae
1244 3679 1353 3745 sospes
1399 3655 1505 3721 facere

446 3755 618 3835 noluerat;
656 3756 787 3824 fortiter
817 3758 960 3845 quidem,
989 3766 1028 3827 ut
1054 3760 1119 3826 eibi
1145 3760 1330 3839 videbatur,
1363 3759 1503 3837 loeutus,

445 3859 503 3928 sed
540 3859 780 3939 miserabiliter,
820 3867 860 3929 ut
902 3868 977 3950 post
1014 3864 1134 3951 patuit,
1170 3864 1352 3931 daemonica
1389 3862 1503 3929 bande

444 3964 604 4031 seductus

490 4067 641 4154 Cumque
676 4069 790 4135 morbo
823 4065 1078 4156 ingravescente
1109 4068 1215 4139 denuo
1246 4069 1289 4137 ad
1319 4089 1394 4135 eum
1424 4064 1504 4135 visi·

444 4170 584 4237 tandum
614 4193 652 4237 ac
682 4170 864 4239 docendum
898 4194 956 4239 rex
993 4173 1141 4250 intraret,
1180 4171 1343 4239 clamabat
1383 4168 1499 4235 statim

445 4274 624 4341 miserabili
639 4296 740 4343 voce:
766 4276 954 4357 “Quidvis
980 4278 1102 4346 model
1149 4276 1238 4359 Quid
1262 4275 1326 4342 huc
1352 4274 1499 4343 venisti?

445 4374 524 4441 Non
553 4377 641 4441 enim
671 4378 798 4464 aliquid
835 4380 994 4445 utilitatis
1024 4384 1083 4447 aut
1122 4379 1237 4447 salutis
1275 4382 1369 4465 potes
1407 4377 1497 4443 ultra

445 4476 618 4543 conferre.'’
663 4479 712 4545 At
734 4480 812 4545 ille:
838 4482 975 4563 “Noli''
997 4481 1115 4569 inquit,
1134 4482 1211 4549 “ita
1232 4480 1323 4567 loqui
1335 4504 1343 4561 ;
1365 4481 1442 4546 vide
1461 4484 1500 4547 ut

444 4602 560 4645 eanum
582 4578 718 4667 sapias.'’
765 4582 902 4661 “Non’'
918 4585 1035 4671 inquit,
1060 4595 1078 4621 “
1087 4585 1224 4663 insanie,
1246 4585 1304 4650 sed
1326 4584 1499 4670 pessimam

444 4676 527 4748 mibi
563 4683 795 4751 conscientiam
835 4692 943 4754 certus
983 4710 1051 4776 prae
1091 4688 1192 4754 oculis
1228 4684 1363 4752 habeo.''
1425 4686 1499 4750 “Et

443 4783 553 4871 quid,''
577 4785 695 4875 inquit,
723 4788 814 4855 “hoc
840 4788 935 4857 estl’'
982 4790 1116 4859 “Paulo
1144 4786 1251 4870 ante‚''
1273 4789 1391 4877 inquit,
1418 4789 1499 4853 “in-
