3542 5800
471 887 536 951 124
736 901 803 952 mc
825 900 873 951 nn
895 900 1028 951 οιιιιιισ.
1051 900 1141 951 senc
1164 900 1252 951 mss.

468 1107 557 1172 pum,
584 1084 681 1171 eique
704 1084 881 1151 indicesset
907 1083 1103 1151 desiderium
1128 1106 1233 1163 suum,
1258 1084 1351 1151 misit
1376 1106 1452 1151 eum
1478 1084 1521 1149 ad

468 1186 711 1274 pmdioendum
734 1187 875 1253 verbum
900 1186 981 1253 vitoe
1005 1184 1151 1273 praefatae
1174 1186 1302 1252 nationi
1326 1185 1519 1274 Anglorum.

468 1288 540 1355 Nec
569 1294 650 1354 voto
671 1287 775 1375 ipsius
797 1289 834 1354 in
857 1310 985 1355 cussum
1009 1288 1173 1368 oeoidere3
1198 1289 1280 1376 quin
1304 1288 1412 1375 potius
1436 1288 1521 1355 fruo-

467 1396 542 1457 tum
578 1391 615 1456 in
655 1412 695 1457 ee
728 1390 944 1478 multiplicem
986 1390 1188 1457 credentium
1225 1391 1418 1477 populorum
1448 1391 1521 1477 pius

468 1492 540 1579 egri
562 1492 743 1580 spiritualis
772 1493 880 1559 cultor
909 1492 1047 1559 invenit.
1093 1490 1263 1578 Siquidem
1294 1498 1400 1558 totum
1429 1492 1520 1557 illem

468 1594 677 1681 provinciam,
708 1595 806 1661 iuxta
834 1596 887 1661 sui
914 1594 1056 1661 nominis
1094 1599 1342 1672 sacromentum,
1373 1617 1394 1659 a
1422 1592 1521 1681 longu

469 1696 645 1783 iniquitate
664 1701 766 1784 utque
785 1696 980 1763 infelicitate
997 1696 1179 1774 liberatum,
1203 1696 1247 1761 ad
1261 1696 1360 1761 fidem
1375 1702 1409 1761 et
1424 1718 1522 1783 opem

468 1800 606 1865 iustitiae
635 1797 693 1865 ιιι
724 1804 891 1886 perpetum
920 1798 1088 1864 felicitatis
1123 1799 1209 1865 done
1241 1798 1403 1885 perduxit,
1435 1820 1522 1865 aoce-

468 1902 583 1988 pitque
606 1901 715 1967 sedem
739 1901 943 1988 episcopatus
965 1900 1003 1965 in
1026 1900 1161 1967 civitate
1188 1900 1366 1967 Dommoc:
1390 1905 1522 1966 etcum

469 2003 581 2069 deoem
595 2025 633 2069 ec
647 2008 772 2091 septem
794 2024 898 2068 annos
921 2002 1027 2069 eidem
1050 2002 1225 2089 provinciae
1247 2002 1425 2089 pontificali
1440 2003 1523 2090 regi-

469 2105 558 2170 mine
580 2110 742 2191 praeesset
765 2104 920 2171 ibidem
911 2127 947 2170 ιιι
969 2126 1048 2191 pecc
1070 2104 1176 2170 vitem
1198 2104 1317 2170 linivit.

301 2206 401 2258 ΒΜ·
416 2212 454 2261 ¹⁶
515 2206 720 2273 Praedieebut
745 2212 857 2273 eutem
896 2206 1054 2273 Paulinus
1082 2205 1223 2273 verbum
1253 2206 1317 2273 Dei
1346 2206 1522 2293 provinciae

301 2284 422 2337 Parnm
472 2308 622 2386 Lindissi,
649 2331 723 2395 quie
748 2314 799 2374 est
823 2309 931 2396 prime
957 2308 1001 2374 ud
1026 2308 1241 2375 meridianem
1264 2306 1439 2374 Humbriae
1461 2308 1523 2375 flu·

302 2487 377 2536 m
388 2486 419 2535 d
471 2409 570 2475 minis
592 2410 707 2497 ripum,
735 2411 924 2503 pertingens
940 2430 1054 2529 'usque
1080 2410 1123 2475 ud
1146 2431 1244 2488 mare,
1267 2409 1522 2525 prefectumque

303 2550 423 2604 Linuisst
471 2512 692 2578 Lindeoolniae
715 2511 870 2593 civitetis,
897 2512 950 2579 cui
973 2533 1094 2578 nomen
1124 2511 1246 2591 Blecco,
1273 2512 1416 2598 primum
1447 2534 1522 2577 cum

471 2614 568 2680 domo
597 2636 657 2680 sue
686 2615 851 2681 convestit
880 2615 925 2680 sd
955 2614 1142 2680 Dominum.
1200 2614 1244 2679 In
1275 2634 1341 2700 que
1369 2613 1523 2680 videlieet

470 2714 606 2781 civitate
625 2714 792 2782 ecclesiam
818 2716 924 2803 operis
948 2716 1072 2803 egregii
1096 2716 1137 2782 de
1160 2715 1268 2802 lepide
1291 2715 1377 2783 fecit
1419 2715 1522 2782 Cuius

300 2817 408 2870 1⁴⁰⁰⁰¹¹¹
470 2822 559 2884 teoto
572 2817 627 2885 vel
640 2818 770 2907 longe
760 2818 894 2897 moenie,
909 2817 965 2883 vel
978 2816 1090 2885 hostili
1105 2840 1206 2883 menu
1228 2817 1359 2895 deiecto,
1383 2818 1523 2906 parietes

301 2884 436 2940 Μή
469 2920 627 2988 haetenus
652 2927 740 2988 sture
763 2920 926 2998 videntur,
952 2925 987 2986 et
1009 2920 1161 2986 omnibus
1184 2921 1279 2986 cunis
1303 2920 1413 3006 ulique
1436 2921 1522 2987 seni·

469 3029 578 3090 tutum
593 3023 773 3090 miraculo
763 3045 800 3088 m
814 3023 928 3088 eodem
943 3023 1014 3089 loeo
1028 3023 1142 3102 solent,
1159 3022 1202 3088 cd
1216 3022 1395 3089 utilitatem
1411 3045 1522 3089 eorum

302 3123 442 3177 0⁰¹¹*st-
470 3128 529 3214 qui
547 3127 690 3194 fideliter
704 3130 867 3214 quaemnt,
882 3125 1020 3190 ostendi
1065 3125 1108 3190 In
1123 3145 1189 3211 quc
1203 3125 1338 3190 ecclesia
1356 3125 1521 3205 Paulinus,

302 3256 437 3310 nm
470 3233 662 3296 transeunte
688 3228 732 3293 ed
756 3227 927 3294 Christum
951 3225 975 3293 J
976 3231 1058 3304 usto
1088 3225 1273 3292 Honorium
1297 3249 1356 3314 pro
1382 3249 1421 3294 eo
1447 3249 1525 3294 oon·

470 3333 612 3398 secrevit
634 3331 828 3417 episcopum

302 3435 429 3499 nepum
516 3433 568 3498 De
582 3432 681 3497 huius
694 3430 760 3497 fide
779 3429 959 3519 provinciae
973 3431 1123 3496 narravit
1140 3430 1274 3517 quidem
1297 3430 1469 3519 presbyter
1488 3435 1523 3497 et

303 3500 391 3619 iffi
470 3532 624 3599 ebbes
591 3555 645 3597 ιιι
659 3531 887 3598 veracissimus
908 3533 949 3598 de
971 3532 1169 3598 monasterio
1185 3533 1345 3610 Pertenei
1362 3533 1521 3599 vocabulo

471 3635 574 3714 Dede,
605 3633 755 3700 retulisse
784 3633 849 3698 sibi
878 3635 1044 3720 quendum
1065 3635 1233 3712 seniorem,
1257 3634 1464 3721 baptizatum
1488 3656 1522 3700 se

469 3737 570 3804 fuisse
607 3737 660 3802 die
696 3736 805 3802 medie
833 3758 855 3801 e
883 3735 1023 3801 Paulino
1061 3735 1217 3822 episcopo,
1252 3741 1410 3822 praesente
1446 3759 1523 3824 rege

471 3839 619 3917 ilduino,
658 3844 693 3906 et
729 3839 870 3905 multem
903 3837 1016 3924 populi
1046 3836 1179 3902 trnbem
1209 3838 1245 3903 in
1274 3838 1377 3904 fluvio
1400 3837 1522 3905 Trente

470 3942 567 4009 iuxte
596 3941 767 4009 civitatem
804 3963 878 4028 quee
916 3939 1031 4026 lingue
1060 3938 1244 4025 Anglorum
1275 3939 1522 4027 Wllingecestre

470 4051 616 4113 vocetur.
655 4043 721 4125 Qui
735 4043 837 4109 etiem
859 4041 1002 4107 eiusdem
1025 4039 1157 4106 Paulini
1170 4041 1289 4108 referre
1304 4047 1388 4108 anet
1408 4043 1523 4108 solitus

471 4145 618 4224 formem,
640 4147 729 4234 quod
752 4150 837 4212 esset
855 4144 910 4208 vir
932 4143 1039 4231 longae
1062 4149 1207 4222 suune,
1224 4143 1394 4230 paululum
1414 4144 1523 4210 incur·

471 4269 542 4325 vus,
560 4249 654 4334 nigro
671 4247 797 4335 eupillo,
815 4246 898 4313 facie
921 4245 1103 4327 macilente,
1118 4267 1199 4312 naso
1214 4245 1340 4312 adunco
1362 4245 1521 4331 pertenui,
1563 4281 1567 4290 ·

472 4349 668 4414 venerabilis
689 4349 788 4414 simul
809 4355 845 4414 et
866 4347 1023 4414 tenibilis
1057 4352 1197 4433 aspectu
1253 4345 1384 4412 Habuit
1410 4352 1521 4412 eutem

472 4473 581 4516 secum
595 4451 632 4515 in
646 4449 828 4516 ministerio
843 4454 878 4515 et
892 4449 916 4515 J
917 4449 1054 4516 eoobum
1077 4449 1259 4527 diaconum,
1282 4449 1393 4516 virum
1407 4449 1523 4535 utique

778 4811 962 4879 'eomlffi
995 4809 1204 4866 Senonum
