3542 5800
484 899 668 950 seorsus
690 885 1083 952 emunitus-1261.
1248 883 1313 950 249

264 1088 426 1154 subverse
495 1087 595 1154 Unde
618 1093 654 1154 et
674 1087 858 1173 sepulerum
884 1085 963 1163 sius,
989 1086 1077 1177 quod
1107 1084 1143 1152 iu
1169 1086 1317 1156 adventu

263 1191 369 1256 saneti
391 1189 549 1256 Germani
572 1194 607 1255 st
637 1193 716 1254 aute
739 1212 761 1255 o
781 1189 931 1278 passione
960 1185 1117 1274 martyris
1146 1188 1317 1275 usquead

265 1292 352 1357 illius
376 1291 495 1382 petriae
525 1291 763 1358 desolationem
793 1290 947 1357 omnibus
969 1295 1096 1369 notum,
1121 1293 1156 1356 et
1185 1295 1317 1382 propter

263 1394 496 1460 miraculorum
519 1394 739 1481 frequentiam
762 1393 805 1458 ub
829 1391 982 1458 omnibus
1004 1391 1113 1458 fureret
1132 1391 1315 1472 adoratum,

265 1501 412 1583 tempore
449 1517 514 1582 quo
552 1495 638 1563 offe
670 1495 742 1582 regi
779 1495 927 1582 angelico
971 1493 1089 1560 extitit
1132 1493 1318 1562 ministerio

265 1599 449 1664 revolutum
477 1602 551 1664 erat
586 1598 795 1686 incognitum
824 1596 997 1662 universis.
1068 1595 1172 1662 Ferte
1204 1597 1316 1684 igitur,

265 1703 307 1764 ut
329 1699 482 1777 diximus,
506 1701 655 1765 oratione
684 1722 706 1764 a
734 1699 820 1764 olero
850 1702 886 1763 et
915 1697 1036 1785 populo
1074 1717 1148 1764 oum
1180 1697 1319 1764 eleemo-

264 1821 348 1884 syus
370 1805 405 1865 et
436 1800 571 1882 ieiunio,
594 1806 718 1866 terrum
739 1800 933 1888 percutiunt
954 1804 989 1865 et
1011 1799 1133 1886 passim
1159 1801 1318 1886 msrtyris

265 1900 467 1985 sepulturam
490 1901 673 1968 offendunt.
756 1901 829 1968 Nes
857 1901 924 1966 fnit
957 1923 1086 1968 neeesse
1119 1899 1226 1966 losum
1260 1901 1319 1968 diu

267 2023 421 2087 quaerere,
445 2025 545 2088 quem
581 2003 700 2069 divina
732 2003 909 2069 elementis
945 2003 1084 2092 dignata
1113 2009 1164 2070 est
1193 2003 1318 2072 ooelesti

266 2103 392 2171 lumine
416 2105 570 2170 revelare
629 2104 791 2192 Martyris
812 2104 918 2192 igitur
939 2123 1064 2191 oorpus,
1088 2109 1217 2171 astante
1243 2105 1320 2172 offa

266 2226 345 2291 rege
373 2206 609 2285 strenuissimo,
641 2207 678 2272 in
715 2205 812 2273 theou
848 2205 969 2293 lignes,
1000 2205 1037 2271 in
1074 2227 1140 2292 qus
1170 2209 1261 2294 prius
1298 2231 1320 2274 o

268 2305 392 2374 (lhristi
419 2307 574 2374 fidelibus
602 2315 738 2396 propior
767 2309 982 2374 barbarorum
1016 2309 1178 2374 soevitium
1212 2311 1320 2377 fueret

267 2413 414 2496 tempore
443 2411 642 2479 discriminis
679 2411 889 2491 oosrrltetum,
921 2409 1092 2497 reperiunt
1128 2433 1202 2478 cum
1239 2413 1320 2500 ipsis

266 2511 365 2576 saeris
394 2513 542 2578 omnium
575 2514 798 2600 apostolorum
827 2513 1098 2601 diversorumque
1134 2520 1319 2602 msrtyrum

267 2613 421 2701 reliquiis,
465 2635 547 2701 quus
584 2621 718 2682 sanutus
754 2615 804 2681 ibi
841 2613 968 2681 dudum
1007 2616 1202 2703 deposuerat
1239 2617 1319 2683 Ger·

268 2737 391 2781 munus
453 2716 563 2786 Movit
584 2716 656 2784 haes
677 2716 829 2784 inventio
850 2723 922 2782 tam
945 2717 1066 2783 elerum
1096 2739 1196 2804 quum
1218 2741 1320 2806 popu-

267 2817 337 2881 lum
367 2817 558 2884 universum
597 2819 640 2884 ad
662 2819 811 2884 lusrimss
840 2823 876 2884 et
898 2819 941 2884 ob
970 2819 1031 2886 hos
1060 2822 1205 2886 maxims
1231 2823 1320 2909 quod

268 2921 366 2987 fidem
388 2920 467 2987 lesit
488 2922 588 2989 dictis
610 2927 800 2989 sauctorum
825 2926 958 3009 patrum
984 2922 1026 2987 de
1049 2922 1197 3010 reliquiis
1221 2924 1320 2990 simul

268 3044 342 3088 eum
371 3044 505 3111 eorpore
534 3024 684 3111 repertis,
717 3044 799 3109 quas
828 3022 969 3110 legimus
992 3024 1035 3089 ud
1056 3024 1210 3091 solasium
1234 3046 1320 3089 mur-

268 3124 353 3209 tyris
374 3124 447 3190 eius
467 3147 558 3192 suero
580 3126 707 3213 sor-pori
729 3126 829 3191 fuisse
851 3125 1048 3191 ooniunotss.
1104 3126 1193 3207 Quid
1216 3132 1321 3215 ergol

267 3224 457 3291 thesaurum
480 3226 539 3292 diu
561 3226 625 3293 sub
654 3227 787 3314 mpite
808 3226 1040 3292 absconditum
1061 3228 1320 3315 srohiepisoopus

269 3349 342 3393 oum
373 3329 532 3415 episeopis
568 3329 638 3394 suis
673 3329 714 3395 ds
744 3329 893 3416 sepulcro
924 3329 1073 3397 levantes
1107 3353 1182 3397 sum
1203 3332 1320 3397 timore
1392 3406 1395 3411 Δ

269 3436 389 3509 saneto,
413 3432 619 3517 proeoedente
640 3431 792 3497 sollemni
821 3431 1033 3518 processione,
1057 3433 1094 3499 iu
1123 3432 1255 3519 hymnis
1285 3438 1320 3501 et

269 3532 403 3599 nudum
418 3534 590 3620 prosooniis
612 3534 855 3599 transtulerunt
877 3535 914 3600 in
933 3534 1099 3627 quendum
1122 3537 1321 3605 ecclesiolam

270 3635 348 3701 olim
372 3639 470 3701 extra
497 3635 614 3701 urbem
636 3636 862 3702 Verolsmium
884 3637 921 3701 in
943 3636 1099 3707 honorem
1121 3640 1212 3706 besti
1234 3660 1320 3708 mur-

268 3737 354 3821 tyris
387 3742 616 3815 consecratum,
646 3738 706 3806 ubi
736 3738 773 3803 iu
802 3737 916 3805 looello
938 3762 981 3805 ex
1010 3762 1090 3807 suro
1119 3748 1154 3807 et
1183 3748 1320 3829 urgento

269 3837 367 3904 simul
397 3844 433 3905 st
467 3839 632 3927 lapidibus
657 3841 812 3926 pretiosis
841 3840 1020 3908 fsbresuoto
1045 3844 1101 3929 pis
1124 3844 1227 3930 putris
1249 3846 1319 3932 pig-

270 3962 351 4005 nora
372 3946 586 4027 reponuntur.
653 3941 729 4022 Quo
756 3942 793 4006 in
826 3941 896 4009 looo
929 3944 1095 4029 usquein
1125 3946 1319 4013 hodiernum

269 4042 358 4108 diem
395 4042 513 4107 divina
550 4064 619 4107 non
656 4044 813 4110 desinunt
841 4044 997 4110 oelebrsri
1030 4046 1218 4129 ,mimoulm
1262 4050 1320 4115 sed

271 4145 386 4210 multis
408 4145 619 4211 sernentibus
642 4145 751 4211 surdis
773 4145 822 4211 ibi
844 4146 1033 4213 restituitur
1062 4148 1204 4228 auditus,
1230 4150 1318 4219 elau-

269 4244 323 4310 dis
344 4266 482 4333 grossum
505 4247 599 4312 uaeeis
628 4246 726 4325 visus,
749 4251 784 4313 et
813 4247 967 4313 omnibus
990 4270 1065 4313 oum
1087 4250 1208 4318 fiducia
1229 4252 1319 4320 beuti

271 4348 429 4433 martyris
462 4347 626 4413 auxilium
663 4348 918 4438 implorantibus
957 4370 979 4413 s
1018 4351 1088 4417 Deo
1126 4356 1247 4422 mentis
1285 4362 1320 4423 et

271 4452 414 4539 eorporis
435 4451 625 4537 impertitur
649 4452 834 4517 desiderata
852 4453 947 4523 sulus.
1006 4454 1092 4520 Astu
1106 4464 1217 4524 sutem
1240 4465 1321 4526 sunt

271 4552 341 4619 hmo
362 4577 383 4619 a
412 4554 562 4643 passione
583 4554 729 4619 eiusdem
758 4556 917 4643 martyris
946 4576 1033 4622 uuuo
1056 4558 1321 4649 quingentesimo

272 4656 421 4743 septimo,
452 4656 496 4721 ab
526 4656 675 4723 adventu
707 4657 891 4744 Anglorum
929 4660 965 4723 iu
997 4660 1202 4728 Britanniam
1232 4688 1319 4731 unno

268 4759 499 4823 trecentesimo
536 4759 784 4851 quadragesimo
821 4766 948 4846 quarto,
988 4760 1166 4833 indictione
1204 4769 1317 4859 prims,
1332 4774 1400 4843 Aug.
1415 4782 1437 4829 1.

272 4860 424 4928 kalendis
438 4863 590 4951 Augusti
643 4862 649 4877 “
