3542 5800
495 926 543 974 m:
564 924 681 975 omme
704 921 826 973 secun
848 922 1032 973 rnen-u.
1058 910 1084 969 l.
1254 908 1296 971 53

242 1101 351 1188 plures
388 1122 464 1166 cum
502 1123 541 1167 eo
570 1102 746 1169 monachos
782 1102 939 1167 timentes
966 1096 1089 1165 Deum¹
1121 1098 1296 1185 prredioarc
1310 1112 1437 1163 Tremu-

245 1204 382 1270 verbum
397 1204 462 1269 Dei
484 1206 577 1291 genti
599 1205 791 1292 Anglorum.
838 1204 905 1285 Qui
931 1202 1052 1291 [cum]²
1069 1200 1164 1267 iussis
1187 1200 1297 1287 ponti-
1310 1180 1463 1313 mgni&

244 1307 393 1373 ficalibus
416 1306 688 1393 obtemperantes,
704 1312 922 1373 memoratum
938 1326 1019 1393 opus
1034 1304 1168 1391 aggredi
1183 1302 1298 1389 coepis-

246 1416 325 1487 seut,
347 1410 480 1496 iamque
502 1410 747 1495 aliquantulum
769 1408 899 1474 itineris
922 1406 1143 1484 confecissent,
1160 1404 1300 1493 perculsi

246 1512 363 1576 timore
392 1512 494 1577 inerti
523 1514 631 1579 redire
668 1514 804 1578 domum
836 1510 957 1598 potius,
988 1532 1085 1597 quam
1117 1510 1298 1587 barbaram,

246 1613 356 1693 feram,
372 1615 642 1703 incredulamque
660 1622 802 1703 gentem,
817 1616 909 1681 cuius
925 1636 984 1681 nec
1006 1614 1151 1701 linguam
1168 1612 1300 1700 quidem

248 1722 391 1797 nossent,
415 1719 506 1784 adire
535 1719 736 1807 cogitabant,
758 1724 794 1785 ct
823 1719 884 1784 hoc
907 1742 974 1785 esso
998 1718 1104 1783 tutius
1135 1716 1301 1783 communi

248 1820 383 1885 consilio
414 1822 642 1887 decemebcnt
692 1822 763 1887 Nec
792 1842 904 1885 mora:
936 1820 1172 1907 Augustinum,
1204 1840 1301 1903 quem

249 1924 295 1987 eis
323 1923 511 2011 episcopum
541 1924 762 1989 ordinandum
792 1924 821 1989 si
851 1924 894 1989 cb
916 1924 1036 2011 Anglis
1062 1922 1304 2008 susciperentur

250 2026 464 2112 disposuerat,
496 2027 630 2093 domum
660 2028 848 2105 remittunt,
878 2027 936 2113 qui
968 2048 987 2091 a
1018 2026 1116 2091 beato
1145 2023 1303 2111 Gregorio

249 2127 367 2193 humili
396 2129 583 2217 supplicatu
612 2131 787 2217 optineret,
810 2151 852 2194 ne
881 2134 952 2194 tam
982 2128 1206 2215 periculosam,
1234 2132 1304 2191 tum

249 2231 453 2309 laboriosam,
479 2238 547 2297 tum
578 2234 736 2298 incertam
767 2232 1066 2318 peregrinationem
1088 2230 1178 2296 edire
1208 2228 1304 2295 debe-

250 2338 332 2399 rent.
379 2333 509 2414 Quibus
524 2335 580 2400 ille
594 2335 835 2401 exhortatorias
852 2334 990 2401 mittcus
1012 2334 1151 2415 litteras,
1167 2334 1203 2399 in
1226 2353 1307 2418 opus

252 2458 305 2502 eos
318 2436 414 2502 verbi
429 2437 554 2503 Divino
569 2438 708 2503 confisos
723 2437 848 2503 auxilio
864 2436 1026 2525 proficisci
1049 2437 1172 2503 suadet
1220 2434 1308 2517 Qua-

251 2562 324 2605 rum
346 2538 504 2605 videlicet
525 2540 712 2606 litterarum
735 2540 802 2605 ista
825 2546 875 2606 est
899 2540 1021 2605 forma:

295 2641 508 2728 “Gregorius
529 2664 644 2708 servus
666 2665 834 2709 servorum
859 2642 932 2718 Dei,
956 2640 1059 2707 servis
1083 2640 1172 2707 Dei³
1194 2640 1307 2707 nostri
1321 2654 1437 2719 Gregory

252 2744 339 2825 Quia
372 2744 496 2809 melius.
520 2746 629 2811 fuerat
661 2745 750 2810 bona
782 2768 851 2810 uon
883 2744 1034 2831 incipere,
1068 2766 1167 2829 quam
1191 2745 1234 2809 ab
1256 2743 1309 2809 his
1321 2732 1474 2785 encourages

252 2870 324 2933 quae
347 2852 458 2934 coepta
488 2853 568 2914 sunt
590 2848 791 2934 cogitatione
823 2852 1003 2915 retrorsum
1036 2847 1151 2927 redire,
1181 2788 1480 2912 sunmoiiiniiioa

254 2951 370 3028 studio,
394 2949 598 3016 dilectissimi
629 2951 700 3029 filii,
736 2955 867 3038 oportet
899 2955 938 3017 ut
961 2971 1042 3038 opus
1064 2949 1195 3028 bonum,
1221 2936 1473 3052 quodfffi‘ffi

256 3054 441 3118 auxiliante
464 3053 609 3119 Domino
640 3053 793 3141 coepistis,
815 3053 989 3141 impleatis.
1044 3051 1115 3117 Nec
1138 3051 1230 3118 labor
1252 3055 1356 3117 vosvi·
1370 3057 1422 3118 ⁵1·)

257 3179 331 3244 ergo
354 3155 494 3236 itineris,
517 3179 578 3224 nco
599 3157 834 3224 maledicorum
855 3156 1027 3222 hominum
1058 3155 1182 3240 lingum
1205 3153 1311 3220 deter-

256 3263 372 3326 reant:
397 3259 456 3326 sed
478 3261 569 3324 omui
592 3259 755 3326 instantia
775 3259 930 3346 omnique
953 3259 1081 3324 fervore
1104 3281 1178 3344 quae
1200 3255 1312 3324 incho-

258 3363 334 3428 astis
368 3361 442 3428 Deo
478 3367 612 3430 auctore
649 3361 822 3450 peragite:
862 3363 1002 3428 scientes
1040 3361 1129 3448 quod
1166 3359 1312 3427 laborem

258 3485 412 3552 maguum
450 3465 556 3531 maior
593 3470 727 3532 aeternae
760 3462 991 3531 retributionis
1017 3464 1122 3551 gloria
1152 3463 1312 3550 sequitur.

258 3564 434 3633 Remeanti
460 3574 572 3634 autem
595 3567 785 3656 Augustino
818 3567 996 3656 praeposito
1019 3572 1137 3647 vestro,
1161 3589 1258 3652 quem
1282 3571 1317 3633 ct

258 3667 413 3735 abbatem
461 3672 558 3736 vobis
595 3671 837 3751 constituimus,
875 3669 913 3736 in
955 3669 1109 3735 omnibus
1146 3669 1318 3734 humiliter

258 3771 387 3838 obedite
405 3797 414 3838 ε
438 3772 577 3840 seientes
599 3772 663 3840 hoc
688 3773 809 3840 vestris
831 3772 1005 3838 animabus
1028 3795 1086 3860 per
1109 3773 1220 3836 omnia
1242 3793 1316 3858 pro-

258 3872 417 3954 futurum,
432 3874 589 3962 quiequid
622 3899 644 3940 a
664 3876 761 3941 vobis
784 3874 886 3940 fuerit
918 3873 955 3940 in
986 3875 1056 3940 eius
1090 3873 1317 3940 admonitione

260 3978 466 4063 completum.
515 3977 732 4065 Omnipotens
747 3978 839 4043 Deus
861 4001 922 4044 sua
942 3999 1003 4042 vos
1025 3975 1134 4064 gratia
1156 3980 1316 4062 protegat,

261 4083 295 4143 et
314 4079 418 4145 vestri
452 4078 575 4146 laboris
597 4079 743 4146 fructum
774 4080 811 4146 in
841 4086 968 4147 aeterna
990 4100 1042 4142 me
1073 4077 1184 4164 patria
1206 4077 1318 4142 videre

262 4181 443 4264 concedat3
481 4183 638 4268 quatinus
687 4185 751 4251 etei
787 4183 959 4251 vobiscum
997 4179 1145 4246 laborare
1182 4201 1317 4267 neque0,

262 4284 357 4351 simul
378 4286 415 4351 in
448 4285 570 4374 gaudio
603 4285 834 4353 retributionis
867 4285 1028 4363 inveniar,
1062 4283 1141 4370 quia
1170 4283 1318 4351 laborare

274 4547 773 4559 ffl———ss—
781 4551 1003 4558 ——-.---—-....
1009 4551 1056 4558 ⁴...-
1062 4553 1071 4558 -
1078 4553 1099 4558 ..-

298 4751 305 4780 ¹
322 4749 415 4818 Deum]
429 4751 577 4813 Dominum,
587 4751 649 4803 Bed
664 4751 681 4802 i.
695 4757 735 4803 2³.
852 4753 863 4784 ¹
878 4752 943 4821 Dei]
964 4753 1076 4818 Domini,
1093 4755 1154 4808 Bsd.

297 4824 389 4897 ὀισπ]
407 4847 457 4883 om.
468 4828 525 4884 MS.
561 4832 614 4883 But
629 4847 671 4882 sea
687 4832 750 4884 Bau
