3542 5800
462 879 511 929 oa
532 876 648 930 omns
670 877 792 930 11111111
811 877 997 928 mon-11.
1021 861 1071 932 67.
1212 863 1276 930 309

229 1057 378 1119 mentum
399 1057 458 1140 pat
458 1053 504 1120 ris
526 1053 704 1141 Kenulphi
750 1055 801 1122 At
826 1053 1042 1136 Quendritha‚
1063 1073 1151 1118 saevo
1174 1051 1277 1118 livore
1290 1053 1373 1118 Quen-

229 1160 264 1222 et
292 1157 451 1244 regnandi
480 1157 660 1224 ambitione
697 1157 876 1237 stimulata,
911 1156 1088 1223 insidiabat
1073 1160 1129 1223 tur
1158 1154 1208 1220 illi
1237 1160 1328 1238 utKe
1291 1121 1417 1239 dnffim

231 1257 395 1324 Herodian
420 1258 576 1339 Johanni,
607 1265 646 1325 ut
677 1259 786 1328 Heliae
814 1259 960 1336 Jezabel,
992 1263 1032 1324 ut
1063 1258 1156 1326 Caim
1183 1257 1302 1324 Abel.⁸
1290 1256 1369 1314 ⁸1³³·

231 1359 434 1440 Quemnam
459 1383 585 1428 veneno
607 1384 676 1428 non
705 1369 813 1449 posset
838 1363 1040 1480 extinguere,
1073 1361 1142 1426 eim
1171 1361 1277 1426 nutri·
1289 1323 1389 1454 psoram

229 1463 315 1529 oium
345 1469 381 1529 et
408 1473 652 1553 procuratorem
682 1465 847 1544 intimum,
877 1465 1011 1532 nomine
1042 1455 1390 1542 1111111111111111,1111111

230 1567 309 1651 quia
322 1589 390 1632 non
404 1573 455 1634 est
475 1565 694 1655 perniciosior¹
711 1569 812 1656 pestis
831 1591 932 1655 quam
954 1566 1122 1634 familiaris
1145 1567 1276 1644 amicus,

229 1669 419 1756 ingentibus
447 1671 592 1758 praemiis
620 1675 657 1736 et
686 1692 743 1758 spe
773 1670 1086 1757 consortis‘imperii
1110 1673 1217 1734 armat
1242 1669 1278 1734 in

229 1771 410 1840 fraternum
451 1773 609 1861 iugulum.
676 1773 750 1840 Tali
790 1775 888 1840 modo
930 1773 1070 1838 invioem
1115 1771 1277 1838 consiliati

229 1875 469 1942 absconderunt
496 1876 639 1964 laqoeoa,
676 1876 892 1943 intenderunt
928 1898 1047 1952 amum,
1079 1879 1278 1962 paraverunt

229 1978 367 2064 sagittas
380 1999 458 2048 suas
470 1978 738 2068 inprimebam
757 1981 919 2068 sagittent
936 1979 973 2046 in
994 1978 1130 2046 obscum
1151 1983 1277 2046 rectum

229 2080 334 2148 eorde.

275 2389 527 2462 Oourrnosmo.
571 2393 623 2462 Da
643 2392 775 2462 oiaiom
796 2415 902 2482 ortem
923 2393 1015 2464 vidit
1037 2393 1081 2462 to
1102 2393 1233 2464 11111111

591 2497 705 2565 bwtaa
727 2496 922 2564 Kenelmua

277 2689 329 2756 En
358 2695 553 2780 tempestate
582 2689 671 2758 vidit
701 2713 758 2778 per
787 2714 938 2759 somnum
967 2693 1087 2760 cleram
1118 2693 1277 2760 visionem
1290 2709 1417 2788 1111111111

231 2793 296 2860 Dei
309 2795 418 2861 hostia
439 2795 626 2874 Kenelmus‚
642 2817 742 2881 quam
764 2818 839 2862 oum
860 2797 999 2884 suspirio
1021 2797 1135 2864 retulit
1157 2797 1278 2864 nutrici
1289 2791 1378 2832 ''¹⁸¹⁰“

230 2921 299 2965 suae
324 2897 456 2986 degenti
481 2897 766 2979 Winoheseombae,
796 2898 933 2966 habenti
957 2901 1098 2987 gratiam
1120 2901 1279 2988 interpre-

231 3002 368 3068 tationis
397 3007 432 3067 et
461 3002 701 3089 intelligentiae,
732 3003 866 3069 nomine
897 3002 1081 3069 Wlwenne.
1128 3002 1279 3069 “Visum

232 3104 311 3182 est,”
347 3105 465 3191 inquit,
505 3114 523 3140 “
537 3104 628 3184 mihi,
660 3127 681 3170 o
715 3110 822 3171 mater
863 3105 1036 3183 carissima,
1076 3106 1165 3191 quod
1201 3110 1279 3171 ante

230 3208 416 3275 cubiculum
429 3230 540 3275 meum
553 3208 652 3274 arbor
665 3212 770 3274 staret
791 3208 952 3275 altissima
973 3230 1076 3295 usque
1099 3210 1142 3274 ad
1164 3209 1279 3275 sidera.

233 3311 288 3377 Me
302 3334 380 3378 vero
402 3311 556 3379 videbam
580 3317 667 3377 stare
689 3311 726 3376 in
749 3310 820 3377 eius
842 3310 945 3378 arduo
963 3313 1094 3390 vertioe,
1111 3312 1198 3379 unde
1213 3312 1280 3379 late

231 3421 381 3502 poteram
411 3415 523 3481 omnia
552 3414 704 3502 aspicere.
764 3414 849 3481 Erat
870 3421 984 3481 autem
1004 3416 1223 3503 pulcherrima
1245 3421 1280 3483 et

230 3518 298 3585 late
321 3518 431 3585 effusis
445 3517 545 3583 ramis
559 3517 710 3605 spatiosa,
726 3518 768 3583 ab
790 3518 858 3584 imo
876 3518 920 3584 ad
941 3541 1105 3586 summum
1128 3520 1280 3587 omnibus

231 3622 366 3688 floribus
390 3621 611 3688 refertissima.
666 3618 831 3687 Videbam
861 3644 991 3709 quoque
1020 3622 1200 3689 innumeris
1229 3623 1279 3689 lu-

230 3724 413 3791 minaribus
435 3730 471 3791 et
495 3723 704 3812 lampadibus
728 3728 839 3791 totum
862 3726 984 3803 ardere,
1008 3726 1090 3791 mihi
1112 3748 1190 3791 vero
1212 3730 1279 3791 tres
1413 3811 1415 3817 ¹

231 3833 341 3916 partes
357 3828 456 3894 huius
482 3831 579 3894 terrae
604 3848 710 3915 prona
739 3828 870 3893 curvari
901 3828 1083 3895 devotione.
1131 3828 1279 3915 Cumque

230 3932 272 3997 de
300 3936 397 3997 tanta
423 3930 555 4019 specula
589 3929 727 3996 mirarer
754 3930 922 4009 visionem,
961 3930 1096 4017 quidam
1132 3953 1279 3997 meorum

231 4036 344 4101 subter
373 4035 534 4100 irruentes
568 4034 777 4099 succiderunt
813 4032 963 4101 arborem
1001 4038 1036 4101 et
1068 4034 1126 4099 illa
1163 4034 1280 4099 oeeidit

231 4137 361 4227 ingenti
389 4138 493 4203 ruina
553 4136 625 4225 Ego
655 4158 734 4203 vero
771 4138 923 4225 protinus
961 4135 1123 4203 efficiebar
1151 4137 1280 4203 avicula

231 4241 372 4309 condida
396 4247 431 4307 et
459 4240 563 4307 libero
592 4240 709 4306 volatu
730 4240 901 4328 penetravi
926 4239 1080 4307 aethera.”
1124 4239 1192 4305 Vix
1214 4240 1280 4307 elo·

230 4352 332 4433 qutus
346 4349 418 4411 erat
438 4344 525 4411 alter
546 4344 710 4433 Josephus
732 4344 903 4426 visionem,
929 4366 1003 4409 oum
1029 4344 1145 4410 nutrix
1167 4350 1280 4433 peetus

231 4449 376 4515 tundens
405 4447 506 4514 talem
536 4448 646 4537 erupit
669 4448 706 4513 in
731 4470 854 4515 vooem.
905 4448 1013 4515 “Heu
1036 4470 1089 4515 me
1102 4448 1130 4513 t''
1160 4449 1278 4537 inquit,

545 4780 552 4811 ¹
560 4780 734 4851 prmkioeior]
747 4782 880 4849 pernicior,
891 4782 948 4837 MS.
