3542 5800
450 858 498 906 nu
520 860 637 907 oneris
659 858 782 907 crocu
803 858 990 906 nucu—11.
1017 842 1049 919 2,
1073 840 1100 905 3.
1258 844 1299 903 55

250 1047 525 1134 gubernationem
565 1046 791 1135 patrimoniali
825 1046 966 1113 ecclcsiae
997 1050 1119 1113 nostroe
1149 1046 1303 1111 transmi-

247 1151 358 1229 simus
382 1150 517 1217 ceritati
531 1156 648 1217 vestrae
670 1150 708 1215 in
730 1149 884 1217 omnibus
906 1149 1178 1217 commendamus.
1211 1148 1301 1213 Deus

250 1258 282 1319 te
303 1254 492 1319 incolumen
513 1253 687 1333 custodiat,
711 1253 975 1321 reverentissime
997 1252 1108 1319 frater.

293 1364 311 1389 “
327 1356 420 1423 Date
453 1355 507 1420 die
539 1354 665 1421 decimo
698 1354 917 1421 kalendorum
940 1356 1176 1443 Augustarum,
1201 1354 1417 1441 impe-rurs.

249 1463 344 1523 rente
379 1458 513 1524 domino
542 1463 656 1523 nostro
694 1457 857 1525 Mauricio
889 1456 1021 1523 Tiberio
1054 1456 1199 1545 piissimo
1232 1456 1301 1523 Au·

248 1566 345 1647 gusto
381 1562 485 1648 [cuno
519 1561 646 1627 decimo
667 1567 797 1648 quarte,
828 1564 905 1649 post
928 1560 1134 1629 consulatum
1157 1560 1303 1626 eiusdem

249 1665 375 1731 domini
403 1664 551 1753 nostri]¹
575 1688 663 1732 enno
688 1666 791 1733 tertio
815 1664 949 1743 decimo,
981 1663 1161 1731 indictione
1185 1668 1304 1751 quarte

250 1767 403 1834 decime.”

700 2190 779 2259 Ore.
796 2190 862 2255 111.

254 2354 350 2439 Quod
363 2353 588 2441 Auprsrtiucc
611 2375 691 2423 rum
706 2353 861 2441 succulis
882 2352 1016 2421 Christi
1031 2352 1095 2441 qui
1110 2362 1210 2423 erunt
1225 2370 1405 2425 camneti.
1420 2376 1460 2422 ιι.

304 2481 340 2525 eo
361 2456 470 2529 rediit
490 2457 535 2525 in
555 2479 643 2547 open
663 2456 758 2527 verbi
774 2457 932 2545 peruenit
933 2478 1052 2545 que
1011 2459 1061 2525 Bi·
1064 2457 1247 2527 itarcuicm.

296 2636 508 2703 Ronomws
537 2658 615 2725 ergo
639 2634 888 2703 confirmatione
910 2636 1001 2701 beati
1024 2636 1130 2724 petris
1153 2636 1382 2725 GregoriiAD.
1396 2660 1452 2707 ιιι.

255 2739 459 2855 Augustinus
482 2762 556 2805 cum
578 2740 712 2806 famulis
728 2738 853 2807 Christi
868 2740 925 2827 qui
941 2745 1036 2807 erant
1051 2762 1124 2807 cum
1140 2763 1187 2819 eo,
1204 2740 1304 2806 redut
1315 2722 1377 2839 ᾗ
1358 2722 1445 2838 dli}
1429 2735 1461 2771 ΠΠ

256 2843 391 2932 inopus
418 2843 512 2910 verbi
541 2843 759 2932 pervenitque
788 2842 1008 2910 Britanniam
1054 2843 1138 2912 Erat
1160 2866 1198 2913 eo
1222 2848 1304 2910 tem-
1314 2854 1460 2908 chennor

256 2969 329 3034 pore
350 2970 411 3014 rex
435 2947 695 3016 AEthelbertus
685 2971 723 3012 m
745 2947 875 3014 Kentic
897 2949 1155 3036 potentissimus,
1180 2949 1238 3034 qui
1261 2923 1423 3014 adnm

256 3050 430 3116 confinium
461 3072 565 3138 usque
598 3050 761 3119 Humbrae
792 3051 940 3118 fluminis
971 3051 1117 3128 maximi,
1150 3072 1215 3136 quo
1239 3073 1306 3116 me·

256 3153 373 3221 ridinni
395 3159 431 3223 ct
452 3155 726 3242 septentrionales
747 3153 933 3242 Anglorum
956 3153 1070 3242 populi
1093 3153 1305 3233 dirimuntur,

255 3256 332 3322 fines
362 3257 494 3346 imperii
528 3257 725 3324 tetenderat.
781 3256 844 3324 Est
880 3261 993 3323 eutem
1031 3257 1075 3322 nd
1113 3255 1307 3322 orientalem

258 3357 389 3428 Kantiae
421 3361 553 3450 plagam
588 3359 737 3428 Tenutos
767 3358 877 3426 insule
909 3381 978 3426 non
1010 3358 1146 3442 modica,
1179 3358 1215 3424 id
1245 3363 1304 3442 est,

256 3463 492 3550 magnitudinis
513 3464 612 3532 iuxta
634 3462 907 3531 consuetudinem
930 3463 1161 3530 aestimetionis
1181 3461 1305 3550 Anglo-

256 3586 333 3646 rum,
357 3566 559 3634 familiarum
582 3573 821 3647 sexcentarum,
846 3589 945 3654 quem
968 3590 989 3632 a
1010 3566 1195 3634 continenti
1217 3571 1307 3632 terra

255 3669 390 3736 secernit
411 3670 534 3738 fluvius
556 3670 763 3751 Wentsumc,
794 3670 854 3757 qui
884 3675 934 3736 est
963 3669 1153 3738 latitudinis
1175 3669 1305 3734 circiter

255 3774 355 3840 trium
377 3774 570 3856 studiorum,
595 3779 630 3839 et
652 3774 781 3841 duobus
802 3778 937 3841 tantum
964 3777 1000 3840 in
1023 3773 1102 3840 locis
1125 3777 1175 3840 est
1198 3776 1306 3838 treno-

256 3877 421 3945 mecbilis:
444 3882 624 3965 utrumque
639 3879 729 3943 enim
751 3882 851 3964 caput
872 3877 1045 3965 protendit
1058 3878 1096 3942 in
1119 3897 1216 3941 mere.
1263 3874 1306 3940 In

257 3980 314 4048 luc
336 4003 414 4099 ergo
436 3980 597 4070 applicuit
626 4003 740 4048 servus
763 3980 901 4048 Domini
923 3979 1057 4068 August
1042 3979 1142 4058 t,inus
1170 3983 1204 4043 ct
1227 3977 1305 4044 socii

255 4083 323 4149 cius
344 4085 410 4150 viri
431 4084 533 4152 ferme
555 4083 785 4172 quadragintu
842 4083 1025 4171 Acceperat
1047 4087 1168 4160 eutem,
1192 4081 1305 4169 praeei
1292 4101 1414 4154 Hern-

255 4185 362 4273 piente
383 4187 482 4254 beato
504 4186 664 4274 Gregorio
685 4209 779 4274 popu,
803 4186 844 4252 de
865 4190 965 4274 gente
982 4184 1182 4250 Francorum
1203 4185 1345 4286 inter-h.
1318 4185 1352 4220 Π
1336 4187 1401 4222 Π)
1398 4187 1441 4289 ssi

254 4295 368 4375 protes,
392 4293 428 4356 et
449 4289 588 4356 mittens
610 4290 654 4355 sd
668 4288 921 4368 AEthelbertum,
938 4286 1113 4354 mandevit
1129 4290 1306 4355 sevenisse
1320 4237 1458 4355 iiiiii-‘²

254 4393 294 4459 de
316 4392 433 4473 Roma,
456 4415 494 4460 ce
515 4393 674 4460 nuntium
696 4392 860 4460 ferret
802 4397 860 4480 opt
861 4393 975 4473 imum,
1009 4391 1066 4482 qui
1093 4391 1156 4458 sibi
1181 4392 1237 4458 obt
1226 4397 1307 4458 t-em
1320 4372 1458 4489 ΠξοῗξΠΠῑΠΠ

686 4624 932 4631 ——----
956 4625 1007 4630 ...--
1021 4625 1046 4631 ...-
1056 4625 1136 4630 -....-...
1146 4619 1312 4631 a—--m-aen

502 4773 509 4808 ¹
527 4773 714 4841 anm-rostri]
733 4791 781 4825 om.
794 4773 850 4826 MS.
885 4775 936 4826 But
947 4791 988 4825 see
1000 4775 1060 4826 Brd.
