3542 5800
488 915 535 964 ns
557 913 673 964 orsrrs
696 913 816 964 sncuu
838 911 1023 962 sucu-11.
1043 899 1093 960 56.
1248 891 1312 962 227

263 1109 436 1172 travenmt
473 1104 608 1170 domum
645 1101 730 1168 hane
767 1099 833 1168 duo
864 1097 1074 1188 pulcherrimi
1105 1097 1249 1174 iuvenes,
1280 1099 1314 1160 et

263 1209 447 1274 residerunt
468 1207 566 1272 iuxta
587 1227 649 1285 me,
671 1227 756 1272 unus
778 1204 822 1270 ad
844 1209 952 1292 caput,
969 1208 1005 1270 et
1026 1224 1111 1270 unus
1131 1201 1175 1268 cd
1196 1200 1316 1288 pcdcs;

264 1311 466 1398 protulitque
488 1333 575 1376 unrrs
598 1309 748 1376 libellum
778 1309 995 1396 perpulcram,
1019 1307 1077 1372 sed
1107 1305 1318 1372 vehementer

265 1415 436 1494 modicum,
464 1435 502 1479 ac
527 1414 611 1478 mihi
634 1414 678 1479 ad
702 1413 878 1500 legendum
910 1411 1024 1490 dedit;
1056 1411 1181 1496 inquo
1208 1407 1319 1474 omnia

264 1541 338 1605 quae
363 1540 512 1604 unquam
535 1517 788 1583 benefeceram
814 1517 948 1581 intuens
973 1513 1094 1600 scripte
1119 1511 1256 1600 repperi,
1285 1515 1319 1576 et

264 1622 334 1688 hee
364 1625 458 1688 erant
487 1621 630 1686 nimium
659 1643 764 1708 pauca
793 1625 828 1686 et
852 1619 989 1685 m'odico.
1036 1617 1243 1702 Receperunt
1267 1635 1319 1679 co-

265 1725 377 1801 dicem,
409 1745 514 1810 neque
540 1724 667 1810 aliquid
696 1723 780 1788 milri
807 1723 970 1789 diocosnt
1017 1719 1101 1784 Tum
1129 1716 1319 1804 supervenit

265 1828 429 1894 exercitus
460 1828 682 1914 malignorum
704 1831 740 1892 et
768 1827 978 1892 horridorum
1003 1825 1101 1890 vultu
1133 1822 1318 1909 spirituum,

266 1931 462 2016 domumque
488 1931 573 1996 hanc
603 1937 637 1996 et
667 1932 812 1996 exterius
839 1929 968 1995 obsedit
997 1931 1032 1994 et
1057 1927 1148 1992 intus
1174 1923 1320 1990 maxime

267 2055 308 2098 ex
322 2040 416 2120 parte
436 2035 582 2100 residens
602 2033 761 2122 implevit.
806 2033 892 2099 Tum
914 2033 970 2096 ille
990 2031 1101 2117 quiet
1121 2028 1320 2096 obscuritate

266 2138 446 2204 tenebrosae
468 2137 564 2203 faciei
586 2143 621 2204 et
642 2138 789 2225 primatu
815 2137 901 2202 sedis
923 2135 1028 2201 maior
1050 2157 1119 2200 esse
1145 2132 1322 2200 videbatur

267 2263 387 2322 eorum,
412 2241 579 2328 proferens
605 2241 750 2308 codicem
774 2240 947 2308 horrendae
971 2239 1108 2304 visionis
1139 2241 1174 2304 et
1195 2234 1321 2322 magni-

267 2344 393 2410 tudinis
422 2344 564 2411 enormis
594 2351 629 2411 et
658 2345 810 2432 ponderis
838 2365 933 2431 paene
968 2341 1195 2430 importabilis,
1226 2339 1322 2404 iussit

267 2449 326 2513 uni
355 2469 398 2512 ex
435 2448 634 2515 satellitibus
671 2449 740 2514 suis
776 2446 860 2513 mihi
898 2447 941 2512 ed
978 2445 1152 2532 legendum
1191 2443 1322 2510 deferre.

269 2551 375 2632 Quem
398 2573 474 2617 cum
495 2551 653 2639 legissem,
673 2550 807 2618 invenio
830 2550 943 2618 omnia
968 2549 1098 2631 scelera,
1121 2569 1190 2614 non
1215 2547 1322 2614 solum

270 2677 343 2742 quse
369 2677 466 2742 opere
492 2656 546 2721 vel
567 2656 677 2734 verbo,
700 2657 758 2722 sed
787 2655 891 2722 stiam
921 2677 994 2740 qum
1019 2653 1213 2720 tenuissime
1236 2653 1323 2740 cogi-

269 2759 394 2825 tatione
424 2760 566 2846 peccavi,
593 2759 859 2825 manifestissime
889 2757 926 2823 in
952 2779 990 2824 eo
1020 2756 1149 2824 tetricis
1175 2777 1243 2822 esse
1267 2757 1322 2822 de·

269 2863 389 2949 scripte
410 2862 541 2929 litteris.
585 2863 791 2949 Dicebatque
809 2861 853 2929 ed
868 2861 942 2929 illos
957 2861 1014 2948 qui
1029 2861 1112 2927 mihi
1134 2861 1322 2928 assederant

269 2966 358 3032 viros
381 2966 511 3032 albatos
536 2972 572 3033 et
593 2968 786 3055 praeclaros:
812 2966 924 3047 ‘Quid
947 2966 1001 3031 hic
1031 2966 1160 3045 sedetis,
1183 2965 1322 3031 scientes

270 3070 448 3135 certissime
497 3070 574 3155 quis
619 3075 732 3137 noster
780 3076 831 3136 eat
876 3066 982 3134 istel'
1052 3068 1320 3155 Responderimt:

271 3173 414 3239 ‘Verum
442 3172 571 3239 dicitis:
606 3174 751 3262 accipite,
777 3178 812 3239 et
838 3172 875 3238 in
905 3170 1073 3238 cumulum
1104 3171 1323 3238 damnationis

270 3282 389 3341 vestrae
411 3273 541 3341 ducite?
598 3276 671 3355 Quo
698 3276 795 3355 dicto,
823 3277 939 3342 statim
967 3275 1219 3363 dispemerunt:
1254 3297 1323 3342 sur·

271 3384 447 3465 gentesque
472 3378 538 3445 duo
560 3379 752 3465 nequissimi
774 3379 918 3465 spiritus,
933 3379 1092 3444 hebentes
1114 3380 1150 3444 in
1174 3379 1325 3447 menibus

273 3482 387 3563 furcas,
419 3488 648 3569 percusserunt
676 3504 737 3562 me,
769 3505 855 3549 unus
890 3482 926 3547 in
963 3482 1079 3570 capite,
1108 3488 1143 3549 et
1173 3484 1259 3551 alius
1288 3484 1326 3549 in

273 3586 373 3671 pede:
413 3584 471 3671 qui
506 3585 660 3651 videlicet
693 3585 792 3652 modo
821 3608 897 3651 cum
933 3606 1054 3675 magno
1084 3592 1251 3653 tormento
1281 3588 1325 3655 ir·

274 3694 394 3775 repunt
423 3688 550 3755 viscera
579 3695 614 3755 et
644 3689 802 3755 interiora
831 3690 975 3777 corporis
1011 3690 1084 3771 mei,
1116 3714 1258 3779 moxque
1287 3698 1327 3759 ut

275 3792 317 3856 ad
346 3813 381 3857 se
411 3792 553 3857 invicem
583 3791 792 3882 perueniunt,
822 3792 953 3873 moriar,
984 3799 1018 3859 et
1047 3794 1172 3880 paretis
1203 3796 1246 3859 ad
1276 3817 1326 3861 re·

275 3894 430 3980 piendum
453 3916 506 3959 me
529 3894 740 3975 daemonibus,
764 3894 801 3959 in
822 3894 943 3960 inferni
966 3895 1108 3961 claustra
1129 3896 1327 3983 pertrahcr.”

319 3997 373 4063 Sic
399 3996 595 4083 loquebatur
621 3999 719 4063 miser
748 3998 930 4084 desperans,
963 4001 998 4064 et
1027 4020 1094 4065 non
1123 3998 1228 4064 multo
1253 4006 1328 4087 post

276 4100 450 4167 defunctus
479 4100 707 4188 peonitentiam
738 4124 838 4189 quem
876 4101 977 4167 breve
1010 4102 1052 4167 ad
1093 4106 1223 4189 tempus
1253 4124 1328 4169 cum

275 4204 385 4270 fructu
407 4203 516 4270 veniae
542 4204 647 4269 facere
671 4206 861 4291 supersedit,
883 4204 920 4269 in
943 4209 1104 4271 aeternum
1127 4204 1196 4271 sins
1219 4205 1329 4273 fructu

276 4307 378 4395 poenis
417 4306 572 4372 subditus
606 4306 693 4373 facit.
749 4308 800 4372 De
840 4328 906 4393 quo
946 4311 1077 4375 constet
1119 4308 1204 4395 quie,
1245 4310 1329 4377 sicut

176 4458 183 4471 .
276 4408 392 4476 beatus
417 4430 504 4497 papa
530 4409 707 4497 Gregorius
733 4410 774 4474 de
802 4410 998 4495 quibusdam
1025 4409 1148 4490 scribit,
1177 4434 1244 4478 non
1270 4436 1329 4501 pro

276 4534 310 4578 se
338 4513 405 4578 ista
434 4512 488 4577 cui
509 4534 576 4577 non
598 4512 799 4599 profuerunt,
830 4512 889 4578 sed
919 4535 978 4600 pro
1009 4513 1082 4579 aliis
1111 4514 1242 4595 viderit,
1273 4516 1331 4602 qui

278 4615 347 4681 eius
368 4616 544 4681 interitum
566 4622 804 4703 cognoscentes,
822 4614 952 4682 differre
967 4622 1096 4704 tempus
1118 4620 1329 4704 paenitentioe,

280 4718 358 4785 dum
384 4724 491 4797 vacet,
512 4718 677 4799 timerent,
701 4741 743 4785 ne
764 4718 932 4807 inproviso
952 4721 1066 4786 mortis
1089 4722 1227 4787 articulo
1239 4745 1332 4811 pree·

280 4823 373 4889 venti
394 4822 628 4911 inpoenitentcs
656 4823 808 4910 perirent
867 4820 965 4903 Quod
990 4828 1101 4891 autem
1128 4825 1254 4892 codices
1284 4826 1333 4892 di·

1133 4930 1197 4993 1²2
