3542 5800
471 870 536 933 130
731 884 795 931 nro.
827 884 874 930 ns
904 883 1035 932 oranuo.
1067 882 1154 931 arao.
1186 881 1270 931 srsr.

468 1065 637 1152 triumpho
666 1066 793 1153 potitus
821 1066 896 1146 fixit,
924 1064 1023 1130 duxit
1046 1064 1228 1131 exercitum
1248 1084 1346 1129 suum
1368 1085 1428 1151 per
1450 1086 1524 1152 pro·

470 1169 595 1234 vineias
623 1168 807 1247 Britonum,
839 1168 876 1234 id
907 1172 957 1233 est
987 1167 1054 1233 tria
1080 1188 1193 1233 eorum
1222 1188 1331 1255 regna,
1360 1166 1522 1233 Demeciae

471 1269 626 1337 videlicet
640 1270 837 1337 Venodcciae
858 1275 894 1335 et
916 1268 1088 1335 Meneniae.
1132 1268 1322 1335 Combustis
1336 1268 1474 1335 urbibus
1489 1275 1524 1334 et

471 1373 592 1438 colonis
614 1372 790 1439 destructis
812 1394 925 1438 omnes
950 1371 1082 1438 illorum
1104 1370 1288 1458 provinciae
1310 1371 1347 1437 in
1369 1393 1429 1437 sua
1450 1372 1524 1437 iura

471 1476 599 1561 recepit
646 1475 815 1541 Oadwcllo
836 1480 957 1555 autem,
982 1473 1041 1558 qui
1065 1474 1102 1537 in
1126 1472 1322 1538 Hiberniam
1342 1473 1523 1560 aulirgerat,

472 1577 637 1643 resociatis
670 1578 811 1643 catervis
841 1578 910 1643 suis
943 1576 1125 1643 conabatur
1155 1593 1282 1661 semper
1311 1576 1348 1640 in
1382 1576 1524 1662 patriam

472 1680 615 1767 navigiis
636 1680 766 1758 reverti,
790 1701 850 1745 nec
871 1683 1021 1765 poterat3
1049 1679 1127 1764 quia
1149 1699 1343 1764 quocunque
1365 1678 1403 1743 in
1424 1684 1524 1765 portu

472 1782 635 1869 applicare
660 1783 845 1869 incipiebat,
878 1782 1037 1847 obviabat
1062 1781 1111 1845 illi
1134 1780 1293 1846 Edwinus
1315 1802 1390 1847 eum
1412 1780 1525 1845 multi-

472 1886 588 1950 tudine
618 1907 686 1964 sua,
721 1885 961 1971 introitumque
988 1883 1161 1949 auferebat
1208 1882 1353 1949 Venerat
1381 1904 1523 1969 namque

471 1989 516 2053 ad
546 2010 623 2054 eum
644 1988 780 2074 quidam
801 1987 1062 2075 sapientissimus
1083 1986 1264 2072 astrologus
1289 1992 1323 2051 et
1354 2006 1460 2071 augur
1482 2006 1524 2050 ex

473 2090 643 2176 Hispania,
668 2090 827 2156 vocabulo
850 2089 997 2167 Pellitos,
1021 2089 1080 2174 qui
1103 2110 1216 2154 cursus
1241 2088 1410 2155 stellarum
1433 2089 1525 2154 edoc-

471 2198 527 2257 tus
556 2192 754 2278 praedieebat
788 2192 819 2257 ei
848 2192 960 2258 omnia
994 2191 1176 2257 infortunia
1208 2211 1282 2275 quae
1320 2190 1523 2257 accedebant.

472 2293 573 2359 Unde
599 2295 707 2360 reditu
740 2293 960 2360 Oadwallonis
991 2294 1170 2375 notificato,
1205 2292 1362 2359 obviabat
1394 2293 1425 2358 ei
1460 2294 1525 2358 Ed-

471 2395 581 2461 winus
610 2417 776 2481 navesque
806 2418 881 2461 snas
905 2396 1062 2474 illidebat,
1090 2396 1139 2463 ita
1165 2400 1205 2461 ut
1230 2396 1405 2461 submersis
1431 2397 1525 2462 sociis

304 2524 382 2577 cad
382 2526 439 2587 2110
472 2497 578 2563 eidem
599 2520 730 2564 omnem
755 2504 888 2585 portum
914 2499 1100 2585 abnegaret.
1156 2497 1293 2565 Nescius
1315 2499 1418 2585 igitur
1439 2498 1525 2565 Cad-

303 2592 368 2671 ⁸¹³?
304 2608 453 2709 eadm!
472 2600 569 2665 wallo
592 2601 673 2686 quid
693 2600 824 2681 faceret,
857 2624 933 2666 cum
964 2601 1072 2666 fere
1061 2623 1098 2665 111
1130 2601 1388 2687 desperationem
1417 2623 1526 2667 rever·

303 2667 432 2788 ampa'a
472 2703 566 2768 tendi
602 2702 778 2781 incidisset,
817 2704 952 2769 tandem
989 2704 1078 2789 apud
1116 2724 1149 2769 se
1188 2703 1397 2783 deliberabat,
1437 2704 1525 2791 quod

303 2792 409 2921 ffi
474 2803 681 2871 Salomonem
717 2827 829 2893 regem
867 2806 1155 2871 Armoricanornm
1193 2806 1369 2872 Britonum
1407 2807 1524 2885 adiret,

303 2897 665 3005 aaailforrogaretque
696 2908 796 2974 illius¹
829 2909 1000 2988 auxilium,
1032 2931 1098 2994 quo
1128 2909 1164 2974 in
1189 2931 1326 2996 regnum
1348 2931 1467 2975 suum.
1476 2931 1526 2976 re-

303 2992 409 3043 A¹¹¹¹⁰¹i
386 3009 446 3046 ¹¹⁰⁸·
473 3013 560 3078 verti
583 3012 750 3098 quivisset.
802 3011 952 3098 Cumque
978 3011 1053 3076 vela
1079 3033 1192 3076 versus
1219 3012 1423 3078 Armoricam
1449 3012 1527 3078 diri·

304 3150 420 3202 Aram
473 3121 573 3201 geret,
601 3122 703 3180 ruunt
733 3137 776 3179 ex
802 3114 969 3200 inproviso
1003 3118 1214 3200 tempestates
1244 3115 1373 3196 validae,
1405 3115 1526 3202 disper-

304 3218 428 3334 ffiw
473 3224 623 3304 guntque
660 3239 770 3294 naves,
809 3217 859 3282 ita
896 3221 936 3280 ut
973 3216 1009 3279 in
1046 3217 1140 3281 brevi
1177 3217 1269 3282 nulla
1310 3239 1384 3283 cum
1422 3217 1526 3283 altera

374 3295 422 3338 ω’
473 3324 664 3384 remaneret.
711 3318 841 3383 Invasit
863 3318 939 3382 ilico
966 3324 1071 3383 terror
1095 3319 1217 3384 nimian
1243 3325 1400 3386 rectorem
1430 3321 1526 3385 navis

474 3422 567 3506 regis,
581 3443 680 3506 quam
702 3421 816 3486 relicto
838 3421 961 3506 remige
983 3419 1188 3506 dispositioni
1210 3421 1352 3488 fortunae
1370 3423 1525 3509 permisit.

476 3521 528 3587 Ut
564 3522 668 3608 igitur
698 3544 772 3587 cum
812 3522 973 3609 [periculo
1010 3522 1166 3608 mortie]⁹
1195 3529 1269 3590 tota
1305 3531 1401 3590 nocte
1438 3524 1527 3589 inter
1637 3555 1642 3564 ·

475 3625 643 3689 obstantes
665 3624 771 3690 undae
793 3645 882 3690 nunc
904 3623 968 3690 huc
1001 3646 1089 3690 nunc
1121 3625 1199 3692 illue
1225 3627 1363 3714 expulsa
1388 3625 1462 3706 11111,
1489 3627 1525 3691 in

474 3726 640 3814 sequentis
664 3724 730 3792 diei
753 3749 871 3792 aurora
893 3726 1121 3814 applicuenmt
1143 3728 1179 3792 in
1202 3730 1368 3814 quandam
1385 3729 1526 3794 insulam

305 3862 461 3918 Heleneion
474 3851 549 3915 quae
577 3829 755 3912 Garnareia
784 3835 1001 3916 nuncupatur,
1033 3830 1092 3896 ubi
1122 3831 1268 3896 maximo
1295 3831 1407 3898 labore
1436 3833 1526 3898 nacti

304 3931 379 4051 ‘32¹⁸
333 3935 438 3984 ⁰¹⁸¹²¹²⁴¹
473 3938 551 4002 sunt
564 3932 726 3999 tellurem.
763 3932 946 4019 Occupavit
967 3932 1124 3998 continuo
1146 3933 1389 4000 Oadwallonem
1410 3937 1526 4000 tantus

347 4000 453 4054 marcia
473 4037 566 4102 dolor
594 4036 637 4101 ab
667 4035 841 4101 amissione
870 4055 1013 4112 suorum,
1044 4039 1085 4100 ut
1111 4035 1218 4101 tribus
1245 4036 1360 4102 diebus
1384 4058 1422 4101 aa
1451 4058 1526 4102 noe-

473 4139 563 4204 tibus
595 4139 667 4204 cibo
693 4138 782 4204 vesci
813 4142 1049 4225 aspernaretur,
1084 4159 1122 4203 ac
1157 4139 1194 4202 in
1226 4138 1310 4204 lecto
1341 4139 1527 4204 infirmatus

472 4240 600 4305 iaceret.
656 4239 785 4320 Quarta
814 4239 933 4306 deinde
963 4241 1016 4306 die
1046 4241 1133 4327 cepit
1163 4261 1238 4306 eum
1261 4241 1408 4306 maxima
1437 4243 1528 4328 eupi-

473 4341 560 4406 ditas
581 4341 701 4406 edendi
722 4342 862 4406 ferinam
882 4363 1035 4421 carnem
1059 4348 1240 4429 vocatoque
1263 4342 1385 4409 Briano
1407 4350 1528 4430 nepote

471 4463 531 4508 suo
551 4441 712 4508 indicavit
732 4444 821 4528 quod
840 4445 1096 4532 concupiscebat
1141 4445 1190 4511 At
1213 4445 1269 4512 ille
1295 4450 1427 4532 sumpto
1448 4467 1529 4513 arcu

512 4800 612 4870 ¹illice]
624 4803 737 4866 imus.
987 4803 993 4872 l
1039 4807 1051 4838 ²
1062 4804 1173 4873 periculo
1183 4806 1277 4875 mortis]
1292 4805 1398 4861 Galfn'd.
