3542 5800
499 902 545 949 nn
567 900 684 951 oneris
707 902 829 953 nsoou
851 899 1039 951 ason-11.
1062 883 1113 956 70.
1263 886 1328 951 359

282 1086 411 1152 officina
432 1086 667 1175 restringitur;
699 1086 835 1173 leprosis
857 1108 1028 1175 corporum
1048 1086 1215 1153 munditia
1235 1084 1331 1151 resti·

282 1190 408 1267 tuitur‚
441 1190 483 1256 fit
512 1190 636 1257 diserta
665 1190 781 1278 lingua
809 1194 997 1273 mutorum
1027 1194 1202 1277 patescunt
1234 1196 1437 1255 auresMSB,

280 1297 460 1362 surdorum.
516 1297 635 1384 Sisque
668 1298 729 1363 sub
763 1301 931 1364 momento
961 1297 1031 1364 sola
1063 1297 1146 1363 fides
1179 1264 1380 1383 optinerefoL
1347 1266 1462 1318 ⁰⁹³¹*

280 1400 470 1485 promeruit,
494 1401 582 1485 quod
603 1400 803 1466 medicorum
825 1400 986 1467 diuturna
1006 1399 1164 1465 sedulitas
1185 1397 1329 1464 conferre

281 1522 349 1566 non
386 1500 502 1567 valuit.
562 1502 690 1569 Audito
721 1502 834 1589 itaque
855 1500 987 1589 vulgari
1017 1502 1143 1589 plausu,
1177 1500 1329 1587 quoedam

281 1608 387 1671 strato
409 1602 568 1671 recubans
599 1609 770 1671 contracta
802 1604 930 1682 mulier,
953 1626 1053 1692 quarn
1087 1604 1168 1670 adeo
1201 1603 1330 1669 nodosi-

281 1708 363 1773 tatis
385 1707 483 1774 huius
505 1707 666 1795 pernicies
687 1730 709 1773 a
730 1708 852 1773 lumbis
874 1707 944 1773 talo
974 1711 1073 1773 tenus
1104 1711 1329 1794 occupaverat,

282 1814 330 1889 ut,
354 1832 422 1875 non
444 1810 550 1877 dicam
582 1810 740 1893 incedere,
763 1811 821 1877 sed
855 1830 916 1875 nec
948 1809 1086 1897 mbae
1108 1808 1242 1896 quidem
1273 1830 1330 1875 ex-

280 1912 415 1979 tendere
437 1912 600 1979 sufficeret
621 1913 878 2001 pedem3-haeo
900 1912 1027 1993 mulier,
1051 1912 1168 1979 audito
1190 1912 1330 1979 clamore

281 2018 506 2085 concurrentis
528 2018 651 2107 populi,
676 2020 865 2087 domesticis
887 2020 956 2085 ait:
993 2019 1187 2100 “Quisnam
1210 2018 1265 2083 hic
1279 2022 1330 2083 est

281 2121 392 2210 fragor
406 2122 633 2189 multitudinis
655 2122 866 2189 vociferantis
879 2121 920 2186 l''
963 2122 1020 2187 Ad
1035 2143 1134 2208 quarn
1149 2122 1211 2200 illi,
1235 2128 1254 2158 ‘⁴
1269 2120 1331 2185 Be·

280 2224 384 2305 atus,''
422 2225 588 2313 inquiunt,
628 2233 645 2259 “
662 2224 866 2305 Edmundus,
906 2246 966 2291 rex
1004 2224 1224 2292 Orientalium
1261 2223 1332 2288 An·

281 2328 419 2413 giorum,
461 2328 544 2393 banc
591 2327 707 2395 urbem
756 2328 922 2415 ingressus
967 2326 1127 2416 plurimos
1174 2326 1331 2414 languore

281 2431 416 2519 depulso
438 2432 587 2499 reddidit
610 2432 793 2521 sospitati.''
848 2432 941 2499 Tunc
962 2432 1028 2515 illa,
1060 2433 1174 2499 “Heu
1195 2430 1277 2496 mibi
1291 2435 1299 2495 l
1312 2428 1331 2455 '³

280 2538 331 2603 ait
354 2546 373 2575 “
389 2560 490 2626 quarn
513 2539 603 2606 Deus
625 2562 693 2605 non
714 2539 880 2607 iudicavit
903 2540 1041 2628 diguam
1072 2540 1162 2605 illius
1183 2538 1331 2606 oblatam

280 2642 465 2729 presentiae
488 2642 743 2709 misericordiam
766 2644 951 2731 promereri.
996 2643 1085 2709 Nam
1107 2644 1136 2710 si
1150 2644 1205 2709 vel
1219 2642 1332 2709 feretri

280 2744 403 2833 pallam
441 2746 648 2833 attingerem,
686 2747 729 2813 ab
766 2747 828 2813 hoo
868 2746 1075 2813 incommodo
1111 2745 1241 2813 conlido
1277 2766 1331 2813 me

280 2852 439 2919 continuo
461 2874 520 2941 per
541 2853 611 2919 eius
633 2853 754 2920 merita
786 2851 1021 2920 liberandam”
1078 2850 1133 2918 Ex
1155 2852 1208 2918 his
1230 2851 1330 2918 dictis

281 2959 452 3026 confestim
489 2961 642 3026 marcidis
678 2961 836 3026 membris
873 2961 979 3027 vivax
1027 2958 1137 3026 fimus¹
1168 2959 1330 3038 illabitur,

281 3063 490 3150 stupentibus
512 3064 677 3152 poplitum
699 3063 809 3130 nervis
831 3063 991 3130 flexibilis
1012 3071 1107 3151 tepor
1127 3061 1330 3144 infunditur,

281 3165 460 3232 damnabili
482 3167 691 3254 torpentibus
706 3168 774 3233 otio
797 3167 922 3256 plantis
944 3168 1135 3255 inexpertus
1157 3115 1399 3289 incedendiffiss·
1399 3159 1464 3278 91³&

281 3294 359 3339 usus
380 3272 551 3356 tribuitur,
569 3297 606 3342 ac
628 3276 674 3341 sio
696 3275 825 3362 reliqua
847 3275 991 3364 eorporis
1013 3275 1137 3341 fabrica
1159 3273 1332 3362 stipitibus

280 3377 454 3442 erectist
419 3377 545 3444 attollit
530 3383 592 3444 t.ur
640 3377 819 3465 Postquam
843 3377 980 3446 Divinae
1011 3375 1197 3465 largitionis
1219 3377 1333 3444 miser

281 3480 351 3545 atio
388 3479 503 3546 famuli
541 3480 593 3546 sui
629 3501 751 3546 nomen
789 3481 959 3548 Edmundi
1002 3502 1061 3569 per
1098 3479 1330 3548 miraculorum

280 3581 519 3649 exhibitionem
550 3581 676 3650 celebre
707 3583 915 3664 reddidisset,
938 3582 1068 3673 (decem
1099 3584 1190 3650 enirn
1214 3590 1251 3650 et
1272 3607 1329 3650 no-

280 3711 355 3757 vem
378 3713 399 3756 a
420 3690 558 3758 diversis
580 3691 795 3758 incommodis
817 3713 857 3760 aa
879 3691 934 3758 die
956 3691 1063 3759 curati
1085 3691 1185 3758 faiam
1206 3713 1329 3759 memo

281 3795 421 3882 rentur),
444 3795 481 3860 in
516 3795 650 3861 ecclesia
672 3795 762 3862 beati
787 3794 938 3883 Gregorii
966 3817 1072 3882 papae,
1096 3816 1171 3881 quse
1193 3795 1260 3860 sita
1280 3799 1333 3860 est

281 3917 383 3986 prope
406 3897 576 3964 basilicam
599 3898 739 3986 apostoli
762 3897 866 3976 Pauli,
892 3897 954 3984 (ibi
976 3897 1114 3963 etenim'
1135 3896 1334 3964 mnctiesimi

278 4001 436 4088 martyris
459 4002 640 4088 pretiosum
656 4021 773 4090 corpus
794 3999 1093 4089 deponitur)-ubi
1108 4001 1188 4066 dum
1204 4000 1333 4067 Londo-

281 4107 410 4174 nienses
448 4131 522 4174 cum
554 4107 777 4175 oblationibus
811 4109 949 4174 beatum
970 4112 1154 4194 martyrem
1185 4107 1330 4174 excoler-

281 4215 349 4290 ent,
374 4211 485 4279 Dacus
508 4211 642 4298 quidam
665 4211 828 4299 praedives
851 4210 1033 4299 explorare⁸
1055 4216 1220 4298 satagens,
1243 4211 1332 4297 quis-

282 4335 360 4380 nam
399 4319 493 4394 esset,
532 4315 624 4380 cuius
660 4313 750 4380 fama
792 4319 924 4381 tantam
960 4313 1075 4402 populi
1111 4314 1333 4400 frequentiam

280 4415 452 4503 invitaret,
475 4441 550 4488 oum
572 4422 702 4490 devotis
725 4423 914 4512 ingreditur
934 4421 1139 4512 versipellis3
1161 4427 1197 4490 et
1217 4423 1334 4491 ceteris

316 4767 322 4798 ¹
329 4767 419 4834 fimas]
433 4782 515 4828 sucus,
528 4767 558 4819 B.
800 4767 806 4904 Ι
852 4763 1013 4837 'explorast
1026 4767 1063 4832 Bt
1081 4767 1216 4836 explorari,
1227 4767 1283 4823 MS.

316 4848 326 4879 ²
336 4845 372 4898 ili
381 4845 479 4914 etesia]
493 4863 541 4899 om.
552 4847 582 4900 B.
