3542 5800
472 840 516 903 ts
747 853 811 902 sse.
835 852 882 900 un
904 851 1036 901 omero.
1060 851 1148 901 erno.
1171 851 1256 902 rusr.

491 1754 657 1814 Iscrrmsr
679 1751 844 1813 Onnum
862 1750 955 1810 Lmru
977 1748 1118 1811 Sncusnr
1141 1748 1276 1809 Seruum
1296 1748 1500 1809 Hmromsms

748 1863 791 1905 nn
813 1843 929 1905 Gnsrrs
948 1845 1067 1905 ltnouu
1088 1842 1232 1906 Ausim..

473 2126 560 2198 Quod
583 2125 773 2203 Augustinus
794 2124 854 2183 suit
877 2124 987 2185 missus
1011 2125 1043 2183 in
1065 2122 1220 2201 Anglism.
1267 2122 1340 2201 Cap.
1360 2124 1380 2181 i.

472 2216 560 2297 Quod
581 2219 687 2279 bestus
710 2217 877 2295 Gregorius
904 2218 988 2276 misit
1011 2218 1127 2277 litterss
1156 2217 1194 2275 ed
1217 2216 1383 2275 Ethereum
1409 2215 1517 2276 Arcls·

510 2320 624 2371 tensem
641 2311 906 2387 archiepiscopum.
953 2309 1023 2389 Cap.
1038 2310 1071 2369 ii.

473 2402 560 2477 Quod
586 2402 778 2481 Augustinus
806 2422 875 2463 cum
902 2402 1021 2463 famulis
1049 2402 1172 2475 Christi,
1200 2402 1250 2479 qui
1281 2408 1367 2461 crant
1392 2421 1459 2461 cum
1475 2420 1520 2471 eo,

510 2498 601 2555 rediit
620 2498 651 2554 in
673 2516 747 2575 opus
768 2497 861 2568 verbi,
885 2496 1083 2575 pervenitque
1103 2494 1303 2553 Britanniam.
1350 2494 1422 2573 Cap.
1443 2494 1486 2565 iii.

472 2590 561 2661 Quod
583 2590 615 2647 in
638 2592 708 2649 dets
731 2587 804 2648 sibi¹
826 2590 980 2649 mensione
1013 2595 1169 2665 coeperunt
1196 2588 1388 2665 apostolicum
1415 2586 1519 2664 primi·

511 2682 582 2741 tivte
601 2683 733 2741 ecclesie
754 2683 848 2741 vitam
868 2681 991 2741 imitari.
1038 2680 1110 2759 Cap.
1129 2681 1171 2739 iv.

471 2774 560 2847 Quod
580 2775 771 2853 Augustinus
794 2776 879 2853 genti
902 2775 1072 2851 Anglorurn
1096 2780 1142 2833 est
1164 2772 1322 2851 episcopus
1355 2774 1521 2833 ordinetur.

516 2867 589 2948 Cup.
608 2888 639 2928 v.

469 2963 726 3040 Interrogationes
740 2962 908 3040 Augustini
922 2968 953 3020 ct
967 2960 1173 3038 responsiones
1194 2959 1345 3038 Gregorii.
1391 2958 1465 3038 Cup.
1480 2959 1521 3018 vi.

471 3055 558 3130 Quod
585 3055 692 3116 beatus
719 3053 886 3133 Gregorius
917 3053 1000 3112 misit
1033 3053 1189 3129 epistolem
1216 3053 1346 3131 Virgilio
1373 3053 1521 3130 episcopo.

515 3147 588 3227 Cap.
610 3149 663 3207 vii.

471 3239 558 3314 Quod
578 3241 685 3300 bestus
706 3237 872 3316 Gregorius
892 3238 975 3298 misit
995 3239 1097 3316 plures
1116 3239 1327 3317 predicatores
1344 3237 1378 3298 in
1397 3237 1521 3298 Briton-

509 3333 599 3392 nism.
646 3333 719 3410 Cup.
737 3333 802 3390 viii.
1061 3381 1066 3389 .

472 3423 560 3498 Quod
586 3424 692 3483 beatus
721 3423 888 3500 Gregorius
915 3423 999 3482 misit
1031 3424 1149 3484 littores
1182 3425 1301 3484 Mellito
1328 3423 1439 3497 sbbsti,
1468 3443 1523 3501 per

510 3536 585 3593 quss
617 3517 748 3576 ostendit
783 3535 873 3592 quem
911 3517 1042 3576 studiose
1078 3537 1152 3596 erge
1188 3517 1385 3578 salvationem
1421 3517 1522 3596 gentis

510 3610 681 3687 Anglorum
700 3608 916 3685 invigilaverit.
964 3608 1038 3686 Gap.
1054 3609 1097 3666 ix.

473 3702 561 3776 Quod
595 3704 700 3762 bertus
729 3701 897 3779 Gregorius
924 3701 1008 3759 misit
1040 3701 1216 3779 Augustino
1244 3702 1401 3780 epistolum
1432 3721 1523 3780 super

388 3800 393 3806 ’
511 3797 673 3870 miraculis,
695 3814 761 3872 quae
781 3813 836 3871 per
855 3813 924 3854 eum
944 3813 1008 3854 esse
1029 3805 1155 3854 noverat
1175 3795 1264 3855 fecte.
1308 3794 1380 3872 Cap.
1399 3814 1429 3853 ιι.

472 3888 561 3963 Quod
592 3889 699 3950 beatus
732 3885 901 3963 Gregorius
935 3887 1018 3946 misit
1049 3888 1208 3964 epistolam
1238 3888 1303 3965 regi
1334 3887 1521 3960 Ethclberto,

510 3983 649 4043 simulet
668 3980 840 4040 donerisin
859 3980 987 4040 diversis
1008 3980 1165 4057 speciebus
1186 3982 1335 4057 perplura„
1382 3979 1455 4059 Cap.
1478 3981 1520 4039 xi.

471 4075 559 4148 Quod
596 4075 788 4153 Augustinus
821 4073 854 4130 in
889 4073 973 4149 regis
1006 4073 1140 4142 civitate,
1176 4075 1291 4133 scilicet
1322 4073 1522 4144 Domberniu,

510 4169 609 4228 sedem
629 4167 827 4244 episcopalem
847 4165 988 4241 suscepit.
1034 4165 1110 4243 Cap.
1130 4164 1184 4224 xii.

472 4259 559 4334 Quod
588 4259 791 4318 AEthelfridus
828 4277 885 4317 rex
919 4257 1195 4318 Nerthumbrorum
1228 4259 1369 4320 vestubet
1401 4264 1522 4337 gentem

510 4350 678 4410 Britonum.
725 4349 799 4429 Cap.
817 4350 884 4408 xiii.

748 4766 828 4834 iridi]
842 4767 904 4830 sive,
917 4766 972 4818 MS.
1006 4765 1109 4818 Butsee
1123 4767 1212 4820 below.
