3542 5800
434 834 499 898 188
680 848 747 898 mc.
770 847 817 898 nu
839 847 974 899 manue.
999 847 1088 898 eruc.
1111 847 1198 898 mar.

476 1037 522 1100 Et
542 1039 618 1122 post
640 1056 708 1100 non
729 1035 828 1112 nulla,
855 1035 975 1120 quibus
995 1035 1039 1100 de
1061 1036 1250 1102 celebrando
1279 1057 1339 1124 per
1367 1035 1478 1103 orbem

429 1143 538 1204 totum
559 1158 626 1202 uno
647 1158 726 1202 vero
748 1137 872 1204 Pascha
892 1137 1057 1224 loquitur:

476 1249 495 1276 “
511 1240 688 1306 Hominem
703 1239 872 1326 denique,”
892 1240 1010 1326 inquit,
1029 1241 1237 1319 “docibilem
1253 1246 1289 1307 et
1313 1241 1350 1307 in
1376 1242 1479 1306 omni-

429 1346 492 1409 bus
505 1348 660 1408 omatum
681 1343 874 1420 antistitem,
891 1342 1069 1408 secundum
1083 1349 1266 1409 vestrorum
1286 1343 1479 1430 scriptorum

431 1453 584 1524 tenorem,
609 1445 744 1510 minime
776 1445 942 1512 valuimus
974 1467 1062 1512 nunc
1092 1445 1232 1532 reperim
1263 1467 1322 1532 pro
1353 1445 1480 1532 longin-

431 1549 559 1634 quitate
590 1547 726 1614 itineris,
771 1547 921 1613 Profecto
951 1548 1048 1626 enim,
1084 1548 1163 1614 dum
1185 1548 1371 1614 huiusmodi
1402 1553 1481 1635 apta

430 1655 624 1736 repertoque
660 1671 799 1736 persona
834 1649 942 1728 fuerit,
983 1671 1058 1714 aum
1096 1650 1293 1716 instructum
1330 1651 1373 1714 sd
1410 1671 1481 1715 vee-

433 1757 520 1817 tram
555 1750 734 1838 dirigemus
770 1752 921 1838 patriam,
960 1755 999 1816 ut
1036 1751 1106 1839 ipse
1143 1757 1178 1819 et
1214 1753 1294 1819 viva
1329 1773 1409 1819 voce
1447 1755 1482 1816 et

432 1876 490 1940 per
538 1853 665 1919 Divina
711 1853 841 1920 oracula
887 1875 1017 1920 omnem
1063 1853 1188 1920 inimici
1234 1854 1393 1920 zizaniam
1438 1873 1480 1918 ex

436 1955 527 2021 omni
574 1960 686 2022 vestm
737 1955 846 2021 insuda
899 1977 973 2021 cum
1022 1954 1146 2022 Divino
1198 1959 1285 2022 nutu
1332 1955 1481 2022 eradicet

431 2056 627 2123 Munmcula
659 2061 771 2124 autem
799 2080 821 2123 a
845 2061 957 2124 vestra
990 2058 1181 2124 celsitudine
1213 2058 1310 2124 beato
1341 2057 1480 2145 principi

431 2160 651 2246 apostolorum
685 2159 818 2240 directa,
849 2182 910 2246 pro
940 2165 1065 2226 aeterna
1098 2161 1167 2226 eius
1198 2161 1356 2226 memoria
1377 2181 1482 2225 susce·

431 2262 547 2347 pimus,
585 2262 773 2347 gratiasque
810 2261 948 2349 agimus,
987 2283 1026 2326 ac
1069 2284 1129 2348 pro
1165 2265 1277 2328 vestra
1313 2261 1480 2328 incolumi-

432 2367 502 2426 tate
548 2362 671 2449 iugiter
719 2363 829 2429 Deum
866 2365 1078 2450 deprecamur
1114 2385 1188 2431 cum
1227 2364 1351 2430 Ohristi
1387 2363 1479 2430 clero.

432 2466 551 2550 Itaque
589 2464 647 2550 qui
684 2464 754 2530 haec
791 2467 917 2551 optulit
953 2487 1097 2545 munera,
1129 2467 1169 2531 de
1199 2465 1260 2530 hac
1296 2466 1482 2532 subtractus

432 2573 483 2632 est
516 2567 596 2643 luce,
627 2567 775 2652 situsque
812 2568 856 2632 ad
892 2567 1008 2632 limina
1044 2567 1284 2654 apostolcmm3
1321 2589 1380 2655 pro
1416 2589 1482 2653 quo

433 2669 531 2735 valde
567 2689 680 2734 sumus
729 2669 922 2746 contristati,
961 2691 1036 2734 cum
1078 2669 1131 2735 hic
1179 2673 1264 2735 esset
1301 2669 1482 2734 defunctus

433 2771 670 2836 Verumtamen
712 2770 848 2857 gerulis
894 2770 1012 2836 harum
1065 2777 1250 2837 nostrarum
1298 2772 1482 2860 litteramm

434 2875 552 2941 vestris
574 2873 688 2951 missis,
712 2878 747 2939 et
768 2873 926 2939 beneficia
947 2877 1143 2952 sanctorum,
1165 2873 1226 2941 hoc
1249 2878 1306 2954 est,
1330 2875 1483 2961 reliquias

434 2980 604 3045 beatorum
635 2977 855 3064 apostolorum
888 2975 980 3042 Petri
1017 2980 1051 3041 et
1088 2976 1191 3055 Pauli,
1228 2982 1262 3045 et
1299 2984 1484 3043 sanctorum

436 3089 620 3168 martyrum
656 3079 835 3155 Laurentii,
870 3077 1034 3145 Johannis
1067 3085 1102 3145 et
1134 3079 1236 3156 Pauli,
1261 3085 1296 3146 et
1318 3078 1482 3168 Gregorii¹

436 3189 536 3269 atque
567 3182 741 3257 Pancratii,
773 3179 820 3245 eis
848 3179 984 3246 fecimus
1021 3180 1100 3259 dari,
1131 3186 1249 3247 vestrm
1283 3183 1485 3249 excellentia

434 3285 577 3372 profecto
608 3305 719 3348 omnes
750 3281 992 3348 contradendas.
1037 3280 1072 3347 N
1073 3304 1126 3347 am
1149 3288 1184 3349 et
1206 3285 1334 3373 coniugi
1357 3290 1483 3361 restrae,

437 3392 559 3452 nostrae
592 3384 756 3471 spirituali
787 3384 872 3466 filiae,
898 3385 1076 3451 direximus
1097 3406 1157 3471 per
1177 3388 1315 3473 praefato
1356 3387 1486 3475 gendos

438 3510 566 3553 crucem
612 3486 738 3553 clavem
781 3508 914 3553 auream
963 3486 1138 3555 habentem
1175 3490 1216 3555 de
1262 3490 1486 3557 sacratissimis

434 3590 575 3656 vinculis
611 3588 784 3655 beatomm
820 3590 1040 3676 apostolorum
1078 3590 1169 3657 Petri
1210 3597 1245 3658 et
1288 3592 1406 3675 Pauli;
1443 3595 1484 3659 dc

436 3693 528 3760 cuius
560 3692 613 3779 pio
646 3691 757 3757 studio
801 3698 1036 3780 cognoscentes,
1071 3698 1203 3761 tentum
1245 3702 1363 3762 cuncte
1393 3698 1485 3762 sedes

436 3796 613 3884 apostolica
643 3816 711 3861 una
746 3794 917 3862 nobiscum
954 3795 1093 3873 laetatur,
1132 3803 1293 3883 quantum
1331 3799 1400 3864 eius
1429 3800 1486 3886 pia

437 3921 535 3986 opera
571 3920 680 3965 coram
727 3898 798 3963 Deo
840 3896 1012 3985 nagream
1049 3904 1084 3963 et
1127 3906 1276 3966 vernant
1337 3901 1486 3967 Festinet

436 4004 546 4089 igitur,
576 4022 769 4088 quaesumus
794 4005 905 4065 vestra
938 4000 1104 4079 celsitudo,
1127 4007 1167 4067 ut
1198 4008 1356 4089 optamus,
1380 4010 1486 4071 totam

437 4126 530 4171 suram
561 4104 703 4170 insulam
737 4102 809 4169 Deo
843 4102 975 4169 Christo
1010 4101 1166 4169 dedicare
1212 4104 1360 4172 Profecto
1397 4108 1486 4173 enim

439 4206 540 4271 habet
588 4212 813 4293 protectorem,
867 4205 1003 4271 humani
1055 4208 1182 4293 generis
1235 4208 1486 4296 Redemptorem

440 4307 621 4373 Dominum
657 4314 806 4373 nostrum
843 4308 866 4373 J
868 4330 958 4374 esum
997 4307 1174 4388 Christum,
1193 4312 1266 4397 ·qui
1303 4312 1334 4377 ei
1371 4318 1489 4380 cuncta

475 4683 482 4713 ¹
497 4680 625 4748 meato]
648 4682 761 4750 Georgii,
777 4682 851 4743 Μὴ
875 4684 941 4738 Gre-
1024 4684 1172 4752 'stoqrcsfl
1185 4684 1300 4753 flagrem,
1312 4686 1369 4738 MS.

442 4760 514 4827 gorii,
525 4760 585 4813 Bed.
597 4761 635 4813 iii
647 4766 687 4813 2⁹.
