3542 5800
418 865 466 913 nn
496 862 610 913 orsus
639 862 762 913 suoru
790 846 1104 923 ason-11.9,1o.
1246 842 1289 911 79

694 1300 774 1369 Car.
798 1298 837 1365 X.

240 1504 336 1589 Quod
367 1502 484 1570 mulae
514 1502 698 1587 Oroporius
738 1500 837 1569 arisit
875 1502 1077 1585 Arrpurtioo
1115 1498 1291 1589 epistolum
1304 1494 1446 1546 Mill·

280 1630 385 1693 super
409 1604 595 1673 miraeanis
618 1628 695 1695 qum
714 1628 779 1695 per
800 1628 880 1672 erran
911 1604 1055 1695 [fircl‹r]¹
1084 1627 1150 1671 esse
1177 1626 1290 1687 capua-

280 1718 380 1781 verat.

282 1912 361 1995 Quo
385 1917 535 2000 tempore
561 1910 653 1977 misit
673 1909 773 1976 etiam
798 1910 987 1998 Augustino
1010 1908 1180 1998 epistolam
1197 1930 1293 1996 snper
1306 1902 1425 2021 &m

241 2016 405 2082 miraculis
435 2038 509 2101 qum
534 2036 592 2103 per
622 2036 697 2079 eum
728 2014 815 2079 locta
841 2036 910 2077 esso
937 2017 1142 2099 cognoverat,
1171 2012 1204 2075 in
1228 2034 1293 2097 qua
1306 2038 1446 2101 Augurino

240 2141 323 2197 eum,
347 2140 390 2184 uo
415 2140 474 2206 per
498 2118 629 2183 illorum
653 2117 779 2204 copiam
806 2116 985 2203 perieulum
1013 2114 1161 2181 elationis
1189 2115 1292 2181 inonr-
1305 2106 1454 2221 gffieflns

239 2229 335 2300 reret,
357 2220 411 2287 his
432 2222 543 2287 verbis
565 2221 739 2285 hortatur:
1306 2239 1420 2289 mirans

287 2331 305 2361 “
317 2324 400 2403 Scio,
424 2322 529 2390 frater
558 2323 730 2400 rarissimo,
757 2322 836 2408 qnia
866 2320 1083 2409 Omnipotens
1114 2322 1204 2387 Dous
1236 2308 1421 2439 P⁰riyr⁰iliiit

240 2428 448 2492 dilectionem
478 2432 571 2493 tuam
605 2427 640 2490 in
669 2430 766 2511 gente
797 2446 896 2509 quam
927 2425 1004 2512 eligi
1034 2424 1139 2491 voluit
1176 2448 1294 2509 magna
1307 2442 1427 2517 apsens·

240 2530 398 2595 mimula
420 2530 583 2595 ostendit:
612 2530 700 2593 unde
723 2550 849 2593 necesse
872 2533 922 2593 est
945 2533 983 2593 ut
1007 2529 1046 2593 do
1072 2529 1183 2593 rodum
1209 2528 1294 2592 ‹louo
1308 2508 1436 2639 {Jgfflm

242 2634 366 2698 eoelosti
389 2639 424 2697 et
445 2632 593 2697 timendo
624 2631 775 2717 gaudeas,
808 2637 842 2694 ot
869 2630 1041 2717 gaudendo
1064 2633 1271 2718 portiruosms
1287 2656 1293 2695 :
1309 2642 1452 2719 anduenn-

242 2736 384 2823 gaudeas
406 2735 568 2810 videlicot,
593 2734 671 2819 quia
703 2734 887 2820 Anglorum
911 2735 1029 2799 animm
1054 2756 1112 2821 por
1134 2716 1399 2837 extorioraffissgg·
1416 2774 1461 2837 sp.

242 2839 400 2905 miracula
431 2839 473 2903 ad
506 2836 696 2902 interiorem
734 2836 875 2924 gratiam
910 2837 1166 2923 pertrolnurtur;
1199 2838 1297 2924 perti·
1311 2844 1344 2892 n.
1357 2846 1410 2904 98ι)

244 2964 365 3007 moseos
380 2963 468 3018 vero,
495 2963 536 3005 ne
559 2941 648 3005 inter
670 2941 764 3027 signa
787 2962 860 3025 quae
887 2940 974 3005 fiunt
997 2941 1145 3004 inlinnus
1170 2941 1298 3004 animus

244 3048 279 3111 in
316 3046 370 3110 sui
415 3044 673 3130 praesumptione
709 3065 743 3108 se
780 3043 895 3120 elevet,
935 3049 969 3108 ot
1007 3042 1094 3106 unde
1140 3043 1225 3106 sorus
1264 3043 1298 3106 in

244 3148 402 3214 honorem
424 3146 562 3224 tollitur,
586 3146 663 3210 indo
686 3167 744 3232 per
766 3145 898 3210 inanem
921 3145 1059 3230 gloriam
1082 3145 1172 3210 intus
1195 3145 1298 3208 cadat.

247 3251 436 3316 Meminisse
467 3249 590 3314 etenim
622 3248 777 3314 debemus
801 3249 879 3333 quia
903 3247 1052 3333 discipuli
1079 3271 1152 3312 curn
1179 3248 1299 3334 gaudio

246 3377 266 3418 a
288 3351 521 3440 praedicatione
551 3351 733 3431 redeuntes,
759 3352 839 3416 (lum
869 3351 995 3415 eoelosti
1026 3351 1185 3436 Magistro
1215 3352 1300 3416 dioe-

246 3463 320 3523 rent
331 3456 355 3521 :⁹
379 3455 443 3520 ‘In
466 3455 610 3520 Nomine
636 3455 707 3520 Tuo
728 3455 829 3520 etiam
851 3455 1014 3519 dromonis
1038 3455 1131 3520 nobis
1154 3456 1300 3522 subiecta

248 3565 324 3624 sunt
336 3557 355 3639 ;’
385 3559 537 3645 protinus
559 3558 757 3622 audierunt:
791 3556 925 3622 ‘Nolite
947 3559 1089 3643 gaudere
1111 3582 1208 3646 super
1230 3561 1298 3638 hoo,

247 3662 303 3727 sed
332 3661 444 3750 potius
473 3660 614 3747 gaudete
644 3661 723 3745 quia
752 3659 888 3724 nomina
918 3666 1028 3726 vestra
1064 3663 1186 3748 scripta
1223 3669 1301 3727 sunt

249 3765 285 3829 in
311 3764 413 3830 ooelo’
458 3762 501 3828 In
525 3761 674 3849 privata³
700 3761 789 3828 enim
813 3769 848 3828 et
871 3765 1046 3850 temporali
1068 3766 1187 3831 laetitio
1209 3787 1299 3828 men-

250 3873 316 3933 tem
353 3871 531 3954 posuerant
561 3865 618 3950 qui
649 3865 689 3930 de
724 3865 890 3930 miraculis
927 3867 1116 3953 gaudebant
1128 3892 1135 3946 ;
1173 3868 1230 3931 sed
1259 3869 1300 3931 do

250 3967 397 4056 privata⁴
417 3969 460 4034 ad
482 3989 696 4048 communem,
718 3969 759 4032 de
781 3969 953 4054 temporali
972 3970 1014 4034 ad
1038 3975 1193 4034 {eternam
1217 3969 1302 4033 lauti·

249 4074 330 4138 tiam
367 4076 564 4137 revocantur
613 4070 732 4157 quibus
771 4071 913 4136 dieitur:
956 4071 1019 4136 ‘In
1064 4072 1124 4136 hoo
1161 4071 1301 4157 gandete

252 4177 327 4261 quia
352 4175 488 4240 nomina
509 4179 621 4238 vestra
645 4174 768 4260 scripta
792 4181 870 4238 sunt
893 4175 927 4238 in
950 4173 1050 4239 curlo?
1106 4175 1138 4238 N
1141 4197 1183 4239 on
1215 4175 1302 4240 euim

253 4301 362 4344 omnes
410 4277 506 4342 electi
552 4276 711 4342 miracula
754 4277 900 4358 fiacirrnt;
945 4278 1002 4342 sod
1041 4283 1153 4344 tamon
1191 4301 1302 4344 eorum

253 4383 385 4448 nomina
418 4380 568 4445 omnium
592 4381 627 4446 in
657 4380 739 4448 coelo
765 4385 920 4446 tenentur
950 4382 1095 4468 ascripta.
1144 4381 1302 4450 Veritatis

285 4722 291 4750 ¹
297 4719 387 4784 farlo]
401 4731 451 4766 om.
463 4717 520 4769 MS.
839 4723 849 4750 ³
856 4722 971 4786 primur]
987 4722 1091 4786 privato,
1103 4723 1159 4772 lllS.

286 4800 366 4850 “Lus
379 4814 407 4848 1.
422 4801 462 4857 17,
472 4803 512 4846 20.
839 4802 972 4868 ‘pr-irata]
986 4803 1092 4866 privum,
1105 4803 1160 4853 MS.
