3542 5800
473 926 519 973 ne
541 920 656 973 oasns
680 923 801 975 ancon
824 921 1005 975 Adon-⁵11.
1029 910 1079 978 70.
1238 910 1303 977 347

257 1116 291 1175 et
306 1110 433 1177 viventi
450 1112 635 1177 simillimus
657 1112 700 1177 ad
723 1114 917 1201 praedictum
932 1114 1038 1179 locum
1053 1118 1103 1178 est
1118 1113 1302 1187 translatus,
1316 1128 1371 1175 aas.
1385 1124 1418 1187 A,

258 1214 315 1277 ubi
330 1210 436 1280 adhue
451 1216 487 1280 in
502 1216 615 1282 eadem
631 1216 735 1282 forma
750 1222 903 1303 expectat
924 1216 1032 1283 beata
1057 1216 1304 1281 resurrectionis
1315 1194 1358 1245 Μ·
1373 1197 1402 1243 ¹⁴
1414 1196 1437 1247 b.

257 1318 378 1403 gaudia
407 1320 608 1406 repromissa
670 1318 813 1385 Tantum
839 1320 970 1385 ineius
996 1318 1079 1385 collo
1104 1320 1146 1385 ob
1174 1318 1306 1405 signnm

257 1420 409 1507 martyrii
444 1423 540 1489 rubet
568 1438 632 1489 una
662 1422 855 1489 tenuissima
891 1423 981 1488 linea
1021 1424 1058 1487 in
1093 1422 1226 1488 modum
1257 1420 1307 1485 fili

258 1524 406 1601 coccinei,
423 1525 509 1590 sieut
523 1526 640 1591 testari
663 1531 735 1593 erat
750 1526 849 1591 solita
864 1524 1016 1613 qnoedam
1037 1526 1145 1591 beatae
1159 1525 1305 1592 recorda-

258 1626 358 1691 tionis
388 1627 516 1709 femina,
556 1628 676 1695 Oswen
702 1628 861 1695 vocabulo
888 1628 985 1706 dicta,
1014 1626 1100 1715 qure¹
1124 1628 1213 1715 apud
1238 1630 1307 1692 eius

259 1736 498 1795 mosanctum
522 1732 688 1797 tumulum
719 1732 849 1797 ieiuniis
880 1736 914 1797 et
953 1732 1157 1797 orationibus
1186 1752 1305 1796 vacans

259 1832 364 1897 multa
393 1834 555 1921 transegit
596 1852 755 1900 annorum
798 1834 966 1900 curricula
1029 1834 1093 1900 Oui
1122 1832 1304 1899 venerabili

258 1934 388 2003 femineo
417 1943 477 2003 aut
507 1936 633 2003 Divina
674 1936 875 2004 revelatione
907 1943 966 2003 aut
997 1936 1102 2003 nimia
1128 1938 1303 2002 devotione

259 2057 328 2105 mos
342 2038 489 2120 inolevit,
515 2044 554 2106 ut
569 2040 732 2128 patefacto
751 2041 840 2106 beati
863 2040 1021 2127 martyria
1047 2040 1195 2127 sepulcro
1210 2048 1304 2127 quot·
1317 2044 1373 2095 MS·
1386 2043 1416 2103 B,

258 2141 353 2207 annia
382 2143 417 2207 in
452 2143 626 2209 Dominica
655 2164 749 2209 creua
779 2144 847 2209 eius
881 2142 1085 2209 attondendo
1114 2112 1359 2230 praecideram·
1373 2113 1402 2161 ⁷⁷
1415 2112 1438 2161 ι’·

258 2245 391 2332 capillos
417 2250 452 2311 et
473 2263 620 2333 ungues:
653 2268 726 2333 quae
754 2247 864 2312 omnia
891 2246 1067 2335 diligenter
1091 2246 1245 2334 colligens
1271 2252 1306 2312 et

258 2348 294 2412 in
335 2349 473 2435 capsella
502 2350 690 2430 recondens,
734 2372 801 2416 non
835 2350 982 2439 neglexit
1013 2350 1172 2437 quamdiu
1216 2350 1306 2417 vixit

259 2450 402 2517 excolere
432 2452 516 2518 mira
542 2454 720 2533 affectione,
752 2454 859 2541 posita
890 2476 986 2543 anper
1028 2454 1130 2520 altare
1161 2452 1306 2520 eiusdem

259 2554 407 2637 ccclesiae,
422 2556 481 2623 ubl
507 2556 614 2623 adhue
630 2562 841 2623 reservantur
862 2558 976 2624 debita
998 2556 1215 2625 veneratione.

662 2872 909 2942 corrosano.

305 3067 376 3133 San
409 3072 444 3132 at
473 3066 580 3132 beatur
610 3067 777 3132 memoria·
809 3065 1027 3144 Theodredus,
1055 3065 1201 3130 eiusdem
1231 3087 1305 3151 pro·

260 3171 376 3236 vinciae
414 3169 585 3255 religiosus
630 3169 807 3257 episcopua,
846 3169 904 3254 qui
941 3172 1075 3254 propter
1113 3169 1305 3234 meritorum

259 3272 512 3360 praerogativam
547 3272 652 3338 bonus
686 3271 924 3358 appellabatur,
951 3271 1039 3358 quod
1069 3269 1110 3336 de
1140 3271 1307 3358 incorrup-

229 3377 349 3462 ,ticne
380 3375 484 3442 sancti
514 3375 598 3462 regis
630 3374 773 3440 diximus
809 3373 870 3438 tali
901 3373 1016 3438 ordine
1055 3381 1104 3440 est
1142 3378 1305 3461 expertus.
1319 3384 1375 3436 MS.
1387 3383 1422 3446 A,

261 3479 354 3558 Cum,
381 3483 421 3543 ut
449 3497 582 3542 narrare
605 3477 714 3542 adorsi
738 3499 859 3555 sumus,
885 3477 1023 3563 praefato
1050 3475 1121 3543 loco
1148 3452 1474 3571 malllflflllbllubus

261 3581 473 3647 tumulationi
519 3599 662 3666 congruo
704 3601 724 3644 a
769 3579 952 3666 quibusque
996 3579 1156 3666 religiosis
1201 3579 1307 3645 multa
1318 3587 1479 3638 detrationes

259 3684 481 3750 conferrentur
506 3682 641 3748 donaria
668 3686 703 3747 et
726 3688 920 3746 ornamenta
944 3681 980 3746 in
1006 3703 1086 3748 auro
1112 3688 1146 3748 et
1170 3655 1448 3772 αῑςοηιοξζζῗδᾝ

260 3785 503 3874 pretiosissima,
529 3785 662 3872 quidam
685 3785 839 3872 malignae
867 3785 989 3851 mantia
1013 3785 1170 3863 homines,
1197 3785 1304 3850 omnis
1319 3787 1458 3841 Edmund’r

262 3889 339 3956 boni
365 3889 580 3970 immemores,
611 3889 756 3976 aggressi
786 3891 865 3954 sunt
895 3886 957 3953 sub
986 3893 1145 3954 nocturno
1175 3853 1428 3953 silentiocllmmlk

260 3994 397 4059 eandem
420 3993 597 4080 infringere
622 3991 790 4058 basilicam
814 3989 1035 4057 latrocinandi
1060 3991 1177 4058 studio.
1223 3990 1308 4057 Fue·

261 4102 341 4163 runt
379 4101 491 4162 autem
529 4099 602 4160 coto
640 4093 697 4182 qui
731 4093 855 4180 absque
885 4092 954 4159 ulla
984 4094 1170 4160 reverentia
1199 4095 1306 4159 sancti

261 4197 470 4268 decreverant
493 4199 678 4265 satisfacere
701 4218 769 4264 suae
795 4219 927 4265 vesanae
949 4197 1125 4278 voluntati,
1150 4199 1307 4285 rapiendo

259 4304 377 4370 furtim
407 4303 517 4368 omnia
547 4323 747 4388 quaeeunque
777 4302 984 4367 invenissent
1010 4301 1073 4366 sibl
1099 4301 1196 4367 utilia
1221 4301 1308 4368 infra

260 4407 405 4475 eiusdem
428 4407 619 4474 monasterii
642 4412 754 4495 scepta.
804 4405 903 4472 Unde
927 4405 1069 4492 sumptis
1092 4403 1252 4472 machinis
1272 4411 1307 4472 et

263 4510 465 4599 quibuslibet
499 4509 703 4590 utensilibus,
748 4510 866 4596 quibus
904 4507 947 4575 ad
991 4508 1027 4574 id
1073 4509 1307 4596 perficiendum

362 4836 445 4904 ιςιιιω]
456 4843 462 4868 ⁴
472 4835 545 4904 paulo
553 4843 611 4890 ante
621 4835 676 4888 hec
687 4841 772 4888 nosue
787 4835 908 4888 moderna
915 4837 1041 4903 tempor&
1052 4838 1132 4890 added
1141 4837 1168 4890 ln
1179 4835 1213 4890 Α
