3542 5800
439 895 487 944 on
508 893 625 945 omns
645 893 767 946 amau
787 893 970 946 asan—11.
995 881 1046 944 52.
1225 878 1291 947 20⁷

238 1079 373 1146 habitus
411 1101 432 1144 a
468 1079 604 1166 praefsto
642 1079 794 1146 antistite
832 1079 992 1146 Willrido.
1051 1078 1130 1145 Post
1167 1099 1292 1144 annum
1306 1097 1410 1151 Shsba

239 1203 319 1248 vero
340 1183 413 1269 ipsa
433 1181 524 1248 faeta
554 1186 605 1248 ast
638 1182 806 1248 abbatissa
834 1181 872 1247 in
903 1183 1035 1268 regione
1058 1201 1132 1268 quae
1155 1181 1436 1284 vocatur}{’){²,¹e‘;¹⁸of

240 1283 329 1369 Ely3
366 1285 426 1350 ubi
456 1289 643 1350 constructo
672 1284 870 1350 monasterio
893 1285 1062 1372 virginum
1093 1285 1165 1350 Deo
1194 1285 1293 1350 devo-
1306 1299 1364 1365 aly.

240 1391 352 1451 tarum
385 1386 662 1473 perplurimsrum
695 1391 801 1452 meter
831 1386 926 1474 virgo
961 1391 996 1452 at
1027 1387 1185 1474 exemplis
1211 1388 1292 1452 vitae

241 1489 382 1554 eoelestis
415 1511 484 1554 esse
515 1490 618 1575 eoepit
641 1492 676 1554 et
699 1489 841 1554 monitis
888 1489 938 1554 De
971 1511 1037 1576 qua
1068 1489 1188 1566 feriant
1214 1489 1293 1574 quia
1305 1502 1438 1582 uernae·

241 1612 285 1656 ex
306 1612 372 1676 qno
394 1592 629 1658 monasterium
660 1592 767 1678 petiit,
788 1611 958 1676 nunquam
981 1592 1084 1670 lineis,
1108 1593 1166 1658 sed
1187 1578 1393 1657 „olumnam

241 1693 345 1759 lancis
382 1695 589 1762 vestimentis
627 1695 679 1760 uti
715 1694 879 1760 voluerit:
928 1715 1064 1780 raroque
1103 1695 1139 1758 in
1182 1693 1294 1760 calidis

241 1795 376 1873 balneis,
392 1801 513 1884 praeter
534 1796 785 1862 immineniibus
808 1795 974 1862 solemniis
997 1795 1184 1874 maioribus,
1201 1785 1294 1860 verbi

242 1899 351 1984 gratie
376 1898 518 1979 Paschae,
539 1899 753 1974 Pentecostes,
780 1904 816 1963 et
841 1897 1044 1984 Epiphaniae,
1068 1898 1174 1964 lavari
1200 1897 1295 1963 volu-

244 2002 327 2077 erit3
359 2005 394 2067 et
416 2005 496 2066 tunc
521 2001 702 2066 novissima
732 1999 889 2077 omnium,
918 2000 994 2066 lotia
1018 2001 1108 2086 prius
1135 2021 1194 2066 suo
1220 2021 1293 2064 sua-

243 2123 382 2189 rumque
415 2103 641 2169 ministrarum
675 2103 829 2188 obsequio
861 2103 977 2168 ceteris
1012 2123 1085 2188 quae
1112 2103 1159 2167 ibi
1186 2109 1294 2168 essent

243 2203 428 2270 famulabus
461 2205 607 2284 Christi3
637 2225 711 2270 raro
741 2211 861 2292 praeter
895 2205 1018 2270 maiora
1051 2205 1215 2281 solemnia,
1241 2205 1294 2270 vel

243 2308 397 2374 artiorem
443 2307 677 2384 necessitatem,
717 2308 791 2392 plus
829 2327 929 2392 quam
966 2307 1065 2372 semel
1112 2329 1170 2394 par
1206 2308 1293 2373 diem

244 2409 515 2489 manducaverit3
560 2430 693 2495 semper,
730 2409 794 2473 nisi
836 2407 1011 2474 infirmitas
1054 2411 1186 2496 gravior
1220 2431 1293 2496 pro

244 2509 412 2589 hibuisset,
444 2529 488 2576 ex
518 2515 664 2596 tempore
701 2511 874 2576 matutinae
912 2531 1074 2597 synaxeos
1111 2533 1214 2598 usque
1252 2513 1295 2576 ad

245 2618 354 2678 ortum
392 2614 459 2678 diei
494 2613 531 2678 in
567 2612 701 2678 ecclesia
742 2613 892 2699 precibus
934 2614 1066 2679 intenta
1103 2615 1293 2700 perstiterit.

247 2715 334 2781 Sunt
355 2717 457 2782 etiam
479 2716 536 2800 qui
559 2717 671 2780 dicant
692 2714 771 2799 quio
792 2737 850 2800 per
871 2714 1052 2802 prophetiae
1075 2717 1236 2802 spiritum,
1261 2721 1295 2782 et

246 2819 467 2904 pestilentiam
502 2839 568 2903 qua
601 2818 674 2904 ipsa
704 2821 789 2882 esset
825 2819 995 2895 moritura,
1029 2820 1228 2905 praedixerit,
1262 2823 1296 2884 et

246 2942 418 2986 numerum
453 2942 582 3005 quoque
613 2940 735 2999 eorum,
762 2920 820 3005 qui
846 2921 888 2985 de
913 2941 971 2987 suo
1005 2924 1204 2987 monasterio
1234 2921 1295 2987 hoo

247 3028 354 3088 ament
376 3024 417 3087 de
442 3023 565 3087 mundo
591 3022 749 3107 rapiendi,
777 3022 886 3108 palam
920 3024 1043 3088 cunctis
1081 3024 1297 3110 praesentibus

246 3124 458 3191 intimaverit.
504 3124 614 3210 Rapta
644 3128 833 3189 astantem
854 3125 898 3190 ad
930 3125 1108 3189 Dominum
1131 3126 1166 3190 in
1189 3126 1296 3192 medio
1309 3138 1455 3193 Rauen.

246 3250 387 3309 suorum,
413 3232 488 3313 post
510 3248 613 3292 annos
639 3231 764 3311 septem
791 3248 833 3291 ex
860 3248 926 3312 quo
959 3227 1133 3293 abbatissae
1157 3228 1296 3315 gradmn

246 3334 451 3416 susceperat:
487 3335 523 3394 et
548 3350 640 3415 aeque
662 3335 702 3393 ut
723 3330 795 3415 ipsa
818 3329 965 3405 iusserat,
989 3350 1057 3395 non
1090 3330 1171 3396 alibi
1197 3352 1296 3416 quam

246 3432 283 3497 in
305 3433 414 3498 medio
435 3451 555 3509 comm,
578 3432 676 3497 iuxta
702 3431 851 3497 ordinem
883 3452 949 3517 quo
983 3432 1165 3513 transierat,
1188 3432 1297 3521 ligneo

248 3534 285 3600 in
310 3534 423 3601 locello
450 3533 585 3620 sepulta.

293 3638 357 3703 Cui
394 3638 547 3702 successit
575 3636 613 3700 in
641 3634 860 3700 ministerium
892 3634 1067 3702 abbatissa
1104 3658 1193 3703 soror
1228 3638 1298 3704 eius
1310 3654 1365 3705 Her
1375 3654 1447 3707 siser

248 3739 428 3826 Sexburga,
460 3760 559 3824 quam
596 3737 758 3803 habuerat
794 3738 831 3801 in
868 3738 1040 3824 coniugem
1071 3738 1297 3807 Erkenbertus
1310 3720 1444 3839 fflfffl

248 3864 308 3907 rex
323 3842 585 3909 Cantuariorum.
630 3840 764 3905 Etcum
787 3838 926 3905 sedecim
943 3840 1039 3904 annis
1055 3846 1139 3906 esset
1161 3843 1297 3927 sepulta,

249 3944 372 4031 placuit
398 3943 503 4009 eidem
529 3942 704 4009 abbatissae
729 3941 834 4006 levari
860 3962 932 4005 osse
956 3942 1033 4020 eius,
1060 3946 1095 4006 et
1121 3942 1157 4007 in
1182 3942 1298 4009 locello

249 4066 335 4112 novo
360 4046 468 4132 posita
490 4046 527 4109 in
548 4044 715 4111 ecclesiam
737 4043 927 4123 transferri3
958 4043 1118 4129 iussitque
1140 4046 1297 4129 quosdam

249 4170 267 4214 e
291 4148 450 4213 fratribus
482 4168 627 4232 quaerere
657 4146 808 4232 lapidem,
835 4145 877 4210 da
908 4166 973 4230 quo
1005 4144 1153 4210 locellum
1178 4146 1214 4211 in
1238 4147 1299 4213 hoo

249 4250 352 4317 facere
373 4256 524 4337 possent:
557 4248 616 4335 qui
648 4268 780 4314 ascensa
804 4247 893 4325 navi,
917 4247 988 4333 ipsa
1010 4248 1098 4313 enim
1121 4247 1187 4335 Ely
1208 4248 1297 4337 regio

249 4354 394 4439 undique
427 4352 522 4437 aquis
544 4372 583 4417 ac
604 4351 780 4437 paludibus
813 4350 1022 4429 circumdata,
1045 4370 1152 4437 neque
1175 4351 1299 4439 lapides

248 4454 386 4521 maiores
406 4454 516 4532 habet,
539 4458 702 4520 venerunt
724 4454 767 4517 ad
789 4452 998 4518 nvitatulam
1020 4454 1186 4539 quandam
1209 4454 1299 4521 deso-

247 4557 359 4636 lntam,
391 4576 459 4623 non
492 4556 604 4643 promel
633 4554 712 4621 inde
734 4554 842 4633 sitam,
865 4574 939 4639 quae
971 4554 1087 4642 lingua
1115 4556 1298 4643 Anglorum

249 4660 479 4725 Grantaoeatre
499 4663 658 4725 vocatur:
682 4662 717 4723 et
740 4676 819 4722 mox
852 4656 1052 4724 invenerunt
1071 4658 1168 4723 iuxta
1189 4680 1299 4725 muros
1312 4666 1405 4720 araur-

247 4763 392 4829 civitatis
414 4760 565 4827 locellum
587 4762 628 4826 de
649 4780 809 4825 marmore
831 4758 907 4824 albo
929 4759 1142 4847 pulcherrime
1164 4760 1296 4839 factum
1310 4734 1415 4788 meras.
