3542 5800
479 898 525 945 os
547 897 662 947 nssrrs
685 897 805 948 asson
827 898 1012 947 suen-11.
1036 878 1088 949 70.
1238 884 1302 946 345

261 1084 463 1172 sapientibus
485 1086 601 1167 inerat,
617 1085 705 1173 quod
719 1085 835 1153 alienae
849 1091 947 1153 sectae
961 1086 1102 1152 cultores
1123 1084 1302 1151 invidendo
1315 1094 1382 1147 An.
1393 1100 1449 1149 sao.

261 1194 380 1253 nostrae
416 1188 493 1253 fidei
534 1188 743 1255 sustulissent
773 1196 873 1276 caput
912 1189 1076 1275 martyris,
1107 1187 1196 1275 quod
1235 1210 1302 1253 non

260 1289 389 1377 longius
416 1290 502 1355 infra
528 1291 724 1357 densitatem
749 1292 852 1357 saltus
876 1290 1130 1371 abscondissent,
1157 1297 1217 1357 aut
1242 1292 1302 1355 vili
1315 1320 1370 1371 ns,
1382 1320 1416 1381 A,

261 1394 391 1480 caespite
433 1392 600 1473 obrutum,
636 1402 695 1461 aut
725 1395 842 1460 avibus
882 1400 917 1460 et
956 1396 1033 1461 feris
1070 1388 1434 1505 devorandumffllslgl·

262 1496 411 1583 Cumque
435 1496 519 1563 inito
544 1496 678 1563 consilio
704 1518 816 1563 omnes
850 1497 922 1584 pari
951 1498 1072 1563 effectu
1101 1497 1145 1563 ad
1170 1498 1207 1563 id
1230 1520 1303 1564 con·
1315 1522 1357 1572 fol.
1366 1492 1437 1573 '75'b‚

260 1604 434 1677 censerent,
460 1599 674 1673 decreverimt
696 1606 736 1667 ut
765 1600 918 1666 cornibus
939 1601 993 1667 vel
1015 1601 1104 1666 tubis
1126 1600 1304 1667 ductilibus

260 1701 382 1789 singuli
397 1702 543 1767 contenti
566 1707 682 1783 essent,
695 1704 851 1789 quatinus
866 1703 1073 1769 circumcirca
1087 1709 1303 1791 pervagantes

260 1804 395 1869 vocibus
410 1808 470 1871 aut
492 1805 649 1871 tubarum
664 1806 805 1893 strepitu
828 1806 892 1871 sibi
913 1810 1031 1872 mutuo
1053 1806 1236 1883 innuerent,
1260 1827 1302 1872 ne

259 1912 319 1971 aut
347 1906 488 1972 lustrata
519 1911 705 1994 repeterent
738 1913 798 1973 aut
828 1930 897 1974 non
936 1908 1079 1975 lustrata
1109 1908 1301 1975 desererent.

261 2010 357 2089 Quod
398 2016 438 2075 ut
472 2010 595 2075 factum
625 2016 683 2087 est,
726 2032 776 2077 res
808 2010 899 2076 dictu
922 2010 1083 2075 innabilis
1113 2017 1148 2076 et
1177 2012 1303 2077 saeculis

259 2112 409 2177 inaudita
439 2112 585 2200 contigit
646 2113 774 2201 Quippe
804 2119 904 2201 caput
933 2112 1038 2179 sancti
1060 2114 1146 2200 regis
1174 2114 1303 2200 longius

260 2221 421 2281 remotum
459 2236 479 2279 a
519 2238 578 2281 suo
608 2238 741 2303 corpore
781 2217 932 2304 prorupit
962 2218 999 2281 iu
1028 2238 1142 2283 vocem
1179 2216 1302 2303 absque

258 2318 415 2384 fibrarum
430 2318 646 2405 opitulatione
656 2324 715 2385 ant
731 2322 924 2385 arteriarum
939 2320 1144 2408 praecordiali
1159 2342 1301 2386 munere.

258 2421 484 2509 vespillonum
505 2444 583 2489 sane
607 2444 695 2488 more
721 2423 870 2511 pluribus
892 2424 1094 2510 pedetentim
1117 2423 1210 2489 invia
1231 2446 1302 2511 per-

258 2523 485 2605 lustrantibus,
517 2546 592 2591 cum
621 2524 688 2590 iam
718 2528 820 2611 possit
843 2526 951 2593 audiri
974 2526 1118 2614 loquens,
1142 2526 1185 2593 ad
1209 2548 1302 2592 voces

258 2650 293 2691 sc
328 2628 470 2694 invicem
500 2627 754 2709 cohortantium,
785 2634 819 2695 et
851 2635 968 2715 utpote
997 2630 1076 2696 socii
1105 2630 1148 2695 ad
1178 2628 1302 2695 socium

258 2730 447 2796 alternatim
470 2730 692 2811 clamantium,
720 2738 737 2765 ‘⁴
750 2730 819 2796 Ubi
835 2754 868 2796 es
881 2730 912 2797 l'’
941 2731 1026 2797 illud
1048 2738 1148 2819 caput
1170 2754 1301 2819 respon-

259 2830 358 2900 debat
384 2832 584 2922 designando
607 2833 715 2900 locum
740 2833 849 2922 patrie
871 2833 986 2922 lingua
1009 2834 1127 2917 dicens,
1151 2833 1217 2913 laer,
1233 2834 1300 2915 laer,

258 2936 339 3018 laem·
362 2937 450 3024 quod
463 2938 716 3025 interpretatum
733 2937 871 3003 Latinus
893 2959 999 3004 sermo
1021 2939 1185 3025 exprimit,
1209 2943 1227 2974 “
1238 2937 1298 3016 hic,
1314 2972 1369 3022 tls.
1382 2973 1435 3034 As

257 3037 319 3117 hic,
350 3037 434 3106 bic.”
499 3039 570 3106 Nec
603 3063 759 3128 umquam
794 3041 908 3106 eadem
947 3041 1125 3128 repetendo
1161 3039 1354 3107 clamaref01·
1369 3045 1432 3092 ¹³&

258 3143 398 3224 destitit,
433 3143 541 3230 quoad
579 3165 689 3210 omnes
727 3145 769 3210 ed
806 3165 840 3209 se
877 3144 1039 3231 perduxit
1108 3142 1301 3231 Palpitabat

257 3251 395 3313 mortuae
417 3246 538 3334 linguae
564 3246 724 3335 plectrum
754 3247 839 3312 infra
865 3252 994 3312 meatus
1015 3246 1166 3327 faucium,
1197 3247 1301 3312 mani·

256 3349 379 3415 festans
403 3350 439 3414 in
463 3371 497 3416 se
521 3350 716 3437 Verbigenus
739 3349 913 3438 magnalia,
944 3351 1002 3436 qui
1033 3351 1167 3416 rudenti
1192 3351 1301 3418 asellae
1313 3378 1411 3439 Man,

256 3453 401 3518 humana
427 3453 590 3540 compegit
619 3453 728 3535 verba,
752 3459 791 3518 ut
820 3455 1002 3540 increparet
1031 3455 1199 3542 prophetae
1222 3447 1356 3521 ἱηεὶ-ῙΟΙ·
1369 3450 1433 3497 7θὼ

256 3555 421 3643 pientiam.
457 3553 519 3624 Cui
542 3555 698 3622 miraculo
720 3577 829 3621 rerum
846 3557 1006 3624 Conditor
1024 3557 1115 3622 aliud
1130 3558 1300 3640 annexuit,

257 3657 336 3723 dum
351 3657 476 3725 coelesti
491 3658 643 3724 thesauro
664 3659 833 3724 insolitum
849 3661 1016 3726 custodem
1038 3661 1137 3726 dedit.
1173 3661 1301 3749 Quippe

255 3761 399 3828 inmanis
422 3761 517 3848 lupus
539 3782 578 3828 eo
604 3761 667 3827 loci
694 3762 819 3828 Divina
840 3764 1049 3830 miseratione
1072 3770 1121 3829 est
1142 3771 1300 3850 repertus,

257 3866 313 3951 qui
342 3864 427 3930 illud
456 3886 582 3931 sacrum
612 3870 711 3952 caput
733 3865 821 3932 inter
843 3867 994 3932 bracchia
1019 3867 1206 3954 complexus
1227 3889 1300 3954 pro·

255 3969 431 4034 cumbebat
454 3967 555 4048 humi,
583 3967 736 4034 excubias
760 3969 941 4056 inpendens
963 3971 1120 4056 martyri:
1155 3991 1216 4035 nec
1237 3970 1300 4035 sibi

255 4071 440 4158 depositum
463 4071 612 4158 permisit
638 4070 756 4138 laedere
788 4072 976 4160 quampiam
999 4072 1188 4152 bestiarum,
1211 4072 1300 4158 quod

253 4173 445 4240 inviolabile
476 4173 544 4241 solo
568 4180 666 4241 tenus
692 4179 875 4263 prostratus
902 4176 1006 4242 oblita
1028 4176 1211 4242 voracitate
1233 4197 1299 4242 ser-

255 4277 355 4343 vabat
386 4279 554 4344 attentius
626 4278 720 4359 Quod
751 4277 924 4366 stupefacti
951 4278 1101 4345 videntes
1138 4280 1196 4364 qui
1226 4303 1300 4347 con·

253 4381 419 4447 fluxerant
443 4380 666 4448 beatissimum
688 4403 797 4467 regem
828 4387 862 4446 et
885 4387 1065 4469 martyrem
1088 4381 1299 4450 Edmundum

255 4483 305 4550 illi
338 4484 411 4550 viro
445 4481 700 4550 desideriorum¹
733 4483 963 4550 iudicaverunt
992 4485 1118 4552 meritis
1148 4485 1297 4567 similem,

256 4681 487 4694 -—-·..-..----
515 4689 521 4693 -
677 4689 690 4694 ..
734 4689 740 4694 .
806 4689 1296 4698 ,ἑ--ψ-αη---ῄ-

687 4817 693 4848 '
706 4817 772 4868 Dan.
784 4833 810 4868 x.
825 4823 863 4870 19.
