3542 5800
484 899 531 950 nn
551 897 665 950 omns
686 895 808 949 aeona
831 895 1014 948 suen-11.
1031 881 1082 946 64.
1246 873 1312 948 2⁷⁷

271 1091 375 1158 “Erit
407 1093 492 1158 ucut
526 1091 673 1180 populns,
701 1091 747 1156 sic
773 1093 808 1156 et
835 1089 1010 1156 sacerdos'’
1070 1087 1167 1171 Quod
1196 1085 1312 1172 utique

270 1216 384 1261 verum
407 1198 480 1261 eet:
523 1193 613 1260 Nam
636 1198 671 1260 et
693 1191 876 1260 sacerdotes
900 1193 943 1260 sd
964 1190 1210 1281 praedicandum
1235 1190 1313 1254 sunt

270 1297 459 1376 derideant
481 1297 593 1386 populi
617 1296 661 1363 ed
683 1295 883 1362 audiendum
905 1295 1116 1384 negligentes.
1165 1292 1313 1358 “Omnes

270 1400 536 1481 declinaverunt3
569 1400 668 1466 simul
687 1398 823 1466 inutiles
845 1398 926 1466 facti
948 1403 1048 1478 sunt;
1082 1419 1149 1465 non
1183 1401 1234 1462 est
1256 1394 1313 1480 qui

269 1503 369 1569 iaciat
393 1503 526 1580 bonum,
561 1523 629 1568 non
662 1509 713 1569 eet
746 1523 850 1589 usque
882 1503 926 1568 ad
959 1500 1105 1568 unnm''¹
1165 1498 1202 1566 Si
1234 1497 1314 1564 assit

269 1605 370 1672 etiam
401 1606 459 1692 qni
480 1607 619 1672 verbum
639 1604 705 1673 Dei
738 1605 940 1672 audiendum
971 1605 1126 1691 requirat,
1157 1621 1231 1668 raro
1254 1605 1314 1666 aut

270 1729 438 1796 nunquam
472 1708 592 1796 aliquis
625 1709 797 1775 invenitur
823 1709 882 1795 qui
908 1709 1066 1796 populum
1091 1705 1134 1772 ad
1167 1723 1312 1770 amorem

270 1811 350 1878 vite
375 1812 515 1880 ooelestis
538 1812 701 1878 accendat
747 1811 883 1900 impleri
909 1811 1030 1900 quippe
1053 1807 1173 1876 cotidie
1202 1808 1313 1874 videa·

270 1935 344 1980 mus
366 1914 455 2002 quod
476 1913 660 1982 Jeremias⁹
687 1915 756 1982 ait:
792 1914 963 1982 “Parvuli
988 1914 1156 2002 petierunt
1184 1931 1311 2000 panem,

270 2022 306 2083 et
330 2039 396 2084 non
423 2023 494 2084 erat
517 2018 575 2105 qui
598 2018 765 2106 frangeret
797 2016 872 2084 eis’'
917 2017 1064 2084 Subiecti
1101 2037 1176 2082 cum
1209 2013 1314 2080 cordis

269 2120 464 2187 contritione
498 2121 614 2188 misere
636 2123 832 2201 mendicant,
868 2126 903 2187 et
928 2122 1168 2208 dispensatores
1193 2118 1229 2183 in
1261 2139 1315 2182 su·

269 2224 383 2311 perbia
408 2224 565 2290 obstinati
589 2243 657 2290 non
681 2225 879 2290 ministrant.
937 2223 1002 2290 Sed
1028 2245 1100 2292 eece
1126 2220 1314 2310 temporalis

269 2328 418 2414 princeps
441 2328 503 2392 iste
526 2325 643 2394 beatus
667 2325 898 2394 AEthelbertus
924 2331 959 2392 ct
981 2348 1040 2393 rex
1066 2327 1189 2392 fuitei
1212 2345 1314 2390 saeer-

270 2429 328 2496 dos
350 2429 495 2508 Domini,
522 2429 600 2516 quia
624 2427 668 2494 ad
689 2429 789 2496 fidem
815 2435 850 2495 et
875 2451 1018 2497 emonem
1041 2429 1105 2496 Dei
1130 2428 1315 2496 inflamma·

270 2532 322 2596 vit
344 2532 442 2598 corda
466 2531 580 2618 populi
597 2531 656 2598 sni
703 2531 805 2598 Ouiae
831 2554 906 2600 caro
932 2533 1030 2600 nivea
1055 2532 1133 2621 quia
1154 2532 1315 2598 inviolata
1428 2609 1432 2620 Ι

269 2635 335 2701 fuit
367 2639 401 2701 et
434 2639 507 2700 tota
547 2633 617 2700 eine
651 2635 787 2716 macula,
832 2657 901 2702 non
943 2636 1097 2702 inmerito
1137 2635 1315 2721 subsequta

270 2742 349 2803 sunt
372 2735 499 2804 Divina
523 2736 689 2818 miracula,
719 2738 892 2826 patuitque
919 2739 954 2804 in
980 2741 1045 2806 fine
1068 2738 1218 2826 gloriosae
1243 2759 1315 2803 ora-

269 2840 369 2909 tionis
399 2861 475 2920 suae,
502 2844 629 2929 quanta
654 2837 707 2907 ei⁸
730 2841 871 2908 coelestis
896 2841 978 2909 lucis
1004 2842 1197 2931 magnitudo
1223 2840 1316 2906 fulsit

271 2945 307 3009 in
341 2950 459 3011 mente.
505 2943 776 3011 Circumveniant
810 2944 913 3031 igitur
943 2946 1124 3011 sacerdotes
1152 2943 1218 3011 Dei
1241 2944 1314 3009 uui-

271 3070 364 3113 versa
399 3068 498 3135 opera
534 3070 602 3126 sua,
641 3053 690 3123 nt,
726 3068 800 3113 oum
831 3046 1035 3135 Unigenitns
1069 3046 1173 3113 Filius
1203 3044 1315 3111 Patris

270 3151 371 3217 index
404 3150 577 3217 advenerit
609 3150 646 3215 in
682 3150 853 3216 maiestate
884 3172 952 3227 sna,
988 3172 1029 3215 ne
1059 3156 1138 3215 tunc
1167 3170 1227 3237 pro
1253 3148 1316 3213 ini-

272 3253 399 3339 quitate
440 3274 553 3319 eorum
592 3274 613 3318 a
647 3252 768 3319 sanetis
803 3256 964 3340 cogentur
1002 3252 1133 3340 regibus
1169 3251 1314 3329 iudicari,

272 3377 410 3443 quornm
435 3357 573 3422 dexoera
597 3356 695 3442 plena
718 3355 783 3421 fuit
807 3355 938 3421 iustitia
963 3355 1000 3421 in
1023 3356 1209 3443 principatu
1233 3360 1315 3421 tem·

199 3492 204 3503 ·
270 3460 380 3547 pomli
425 3459 478 3525 De
521 3458 641 3544 quibus
687 3458 809 3525 saumis
852 3458 984 3547 regibus
1021 3464 1056 3525 et
1094 3457 1316 3525 sacerdotibus

271 3562 386 3628 beatus
406 3561 535 3629 Petrns⁴
563 3560 730 3649 apostolus
751 3561 818 3627 ait:
857 3562 958 3629 “Vos
977 3566 1089 3629 autem
1111 3584 1214 3650 genus
1236 3562 1316 3628 eleo-

272 3670 352 3743 tum,
377 3665 486 3752 regale
504 3662 731 3741 sacerdotium,
755 3685 836 3751 gens
858 3670 984 3745 mnata,
1009 3665 1149 3753 populus
1175 3666 1318 3752 adquisi-

272 3768 379 3846 tionis,
416 3772 457 3835 ut
481 3768 623 3834 virtutes
658 3767 866 3834 annuntietis
904 3768 973 3834 eius
1009 3769 1067 3855 qui
1101 3770 1142 3835 ds
1173 3768 1317 3835 tenebris

272 3894 331 3937 vos
353 3870 485 3938 vocavit
511 3871 548 3935 in
570 3869 762 3936 admirabile
784 3870 897 3937 lumen
917 3870 1040 3937 sunm.”
1096 3871 1223 3937 Eduxit
1250 3871 1316 3936 Do-

272 3976 380 4041 minus
405 3974 496 4040 Deus
521 3978 633 4039 noster
656 3972 697 4037 de
721 3972 864 4039 tenebris
890 3974 1023 4039 beatum
1054 3995 1162 4061 regem
1193 3974 1318 4039 AEthel-

272 4080 402 4145 bertum
426 4082 461 4143 et
483 4077 617 4145 vocavit
642 4077 679 4141 in
702 4074 895 4143 admirabile
919 4078 1032 4145 lumen
1057 4100 1161 4157 suum,
1186 4078 1317 4166 qnando

273 4178 491 4270 corporalibus
510 4179 581 4247 eius
607 4179 709 4246 oculis
728 4179 816 4246 diem
842 4180 980 4268 caligine
999 4184 1209 4251 tenebrarum
1235 4187 1318 4250 tem·

272 4286 428 4373 pernliter
451 4284 603 4363 involvit,
643 4289 678 4350 et
712 4285 920 4372 postmodum
944 4289 1092 4352 orantem
1118 4308 1193 4353 eum
1214 4289 1318 4377 splen-

273 4389 350 4456 dore
376 4410 446 4456 suae
469 4386 629 4454 claritatis
652 4387 841 4455 illustravit.

275 4602 391 4610 -------

308 4732 456 4786 'Pallia

308 4812 478 4869 'lamiae
