3542 5800
491 873 555 938 162
758 887 822 937 arc.
845 887 1158 936 summosano
1181 887 1269 936 mss.

320 1085 466 1152 suidger
488 1092 590 1136 annos
620 1069 740 1158 viginti
771 1077 845 1136 ooto
882 1070 1134 1137 laboriosissime
1171 1070 1304 1142 tenuit:
1341 1071 1538 1156 inpugmtus

321 1155 353 1202 ²⁸
367 1167 447 1217 Μ·
488 1173 641 1238 videlieet
663 1179 698 1238 et
719 1173 761 1262 ab
788 1197 827 1240 ea
850 1195 926 1259 qum
958 1173 1094 1238 fratrem
1125 1173 1196 1236 eius
1226 1173 1389 1237 ooeiderat
1415 1191 1537 1258 pagma

487 1281 586 1361 gente
634 1275 839 1352 Muciorum,
880 1282 915 1340 et
951 1298 972 1340 a
1008 1275 1079 1340 filio
1116 1297 1247 1360 quoque
1282 1295 1342 1338 suo
1378 1273 1536 1346 unfrido,

487 1399 614 1443 necnon
637 1383 671 1443 et
700 1401 721 1443 a
750 1379 884 1456 fratruo,
909 1379 1024 1453 idest,
1046 1377 1160 1442 fratris
1191 1378 1241 1440 sui
1271 1377 1329 1461 qui
1355 1381 1434 1440 anta
1465 1395 1537 1440 eum

487 1481 640 1566 regnavit
661 1481 739 1562 filio,
762 1479 979 1545 Athelwaldo.

322 1595 461 1649 suom.
545 1583 647 1648 Cuius
691 1603 778 1648 anno
823 1582 973 1658 seormdo,
1017 1581 1082 1648 hoo
1125 1587 1185 1660 est
1229 1581 1274 1644 ab
1317 1579 1539 1644 incarnatione

321 1661 447 1786 {mg
489 1681 661 1750 Dominioa
705 1707 791 1760 anno
843 1683 1077 1750 sexcentesimo
1121 1683 1370 1769 quadragesimo
1414 1685 1538 1767 quartu

487 1787 767 1852 reverentissimus
801 1793 894 1873 pater
931 1783 1097 1862 Paulinus,
1132 1785 1298 1870 quondam
1330 1782 1541 1850 Eboraoensis

486 1889 755 1976 ambiepisoopus,
781 1889 939 1953 transivit
960 1889 1003 1952 ad
1028 1887 1217 1952 Dominum

531 1989 662 2057 Habuit
698 1997 808 2056 autern
844 1991 936 2056 Oswi
972 1991 1087 2077 primis
1119 1990 1213 2076 regni
1249 1989 1302 2054 sui
1338 1987 1540 2074 temporibus

485 2099 667 2160 mnsortem
714 2094 811 2180 regiae
861 2093 1042 2179 dignitatis,
1081 2091 1242 2156 vocabulo
1279 2091 1462 2170 Oswinum
1498 2089 1538 2152 de

484 2195 585 2282 stirpe
621 2196 707 2282 regis
741 2195 883 2272 nuwini,
918 2195 980 2258 hoo
1017 2199 1076 2269 est,
1112 2194 1219 2257 filium
1257 2192 1363 2258 Osrici
1397 2192 1439 2257 de
1473 2209 1537 2276 quo

484 2317 583 2383 supra
613 2299 794 2374 retulimus,
818 2297 928 2360 virum
960 2297 1091 2361 eximiae
1123 2295 1258 2382 pietatis
1284 2300 1320 2360 et
1348 2291 1536 2380 religionis.

484 2399 541 2484 qui
587 2399 765 2484 provineiae
812 2398 988 2464 Deirorum
1025 2403 1150 2484 septam
1186 2398 1282 2462 annis
1318 2397 1356 2462 in
1392 2397 1538 2460 maxima

483 2501 630 2566 omnium
668 2521 777 2566 rerum
815 2499 993 2576 effluentia,
1025 2504 1060 2564 et
1091 2500 1161 2586 ipse
1197 2498 1350 2564 amabilis
1385 2499 1538 2564 omnibus

483 2603 623 2690 praefuit.
669 2603 735 2668 Sed
761 2623 820 2668 nec
851 2624 927 2667 oum
949 2625 989 2668 eo
1010 2602 1066 2666 ille
1088 2603 1145 2686 qui
1167 2607 1309 2666 oeteram
1339 2599 1537 2665 Transhum-

483 2705 595 2771 branue
626 2706 733 2792 gentis
767 2709 896 2791 portem
918 2705 962 2767 ab
984 2704 1145 2789 aquilone,
1169 2705 1286 2782 idest,
1311 2702 1536 2767 Bernieiorum

483 2805 699 2894 provinciam¹
725 2807 868 2893 regebat,
890 2806 1010 2870 habere
1035 2827 1148 2892 paoem
1171 2805 1301 2891 potuit;
1325 2805 1407 2891 quin
1428 2806 1538 2892 potius

480 2909 780 2997 ingravescentibus
793 2911 898 2975 causis
907 2909 1154 2984 dissensionum,
1160 2909 1343 2973 miserrima
1351 2907 1440 2973 huno
1449 2908 1536 2973 eade

483 3014 628 3101 peremit
676 3012 845 3099 Siquidem
865 3016 1061 3097 congregato
1083 3015 1200 3075 eontra
1214 3011 1356 3075 invioem
1380 3012 1534 3083 exercitu,

483 3136 558 3181 oum
580 3116 710 3181 videret
731 3136 765 3179 se
789 3113 942 3178 Oswinus
972 3134 1047 3177 oum
1080 3113 1138 3177 illo
1167 3113 1225 3198 qui
1254 3112 1365 3198 plures
1393 3110 1536 3177 habebat

482 3218 673 3283 auxiliarios
694 3234 762 3281 non
784 3236 876 3301 posse
899 3214 986 3280 bello
1017 3214 1198 3301 confligere,
1226 3220 1318 3279 ratus
1347 3220 1398 3280 est
1421 3215 1536 3279 utilius

482 3324 562 3385 tuno
585 3320 717 3385 dimissa
739 3316 923 3381 intentione
944 3316 1099 3397 bellandi,
1114 3338 1245 3381 servare
1267 3338 1301 3381 se
1324 3316 1367 3381 ad
1388 3322 1536 3403 tempora

482 3420 622 3485 meliora.
670 3418 810 3483 Remisit
840 3438 917 3504 ergo
943 3417 1124 3482 exereitum
1150 3440 1248 3503 quem
1272 3422 1533 3505 congregaverat

482 3544 520 3585 ao
550 3519 694 3606 singulos
725 3519 858 3583 domum
888 3518 996 3583 redire
1025 3520 1187 3605 praeeepit
1213 3542 1235 3584 a
1260 3519 1331 3587 looo
1353 3521 1412 3606 qui
1439 3542 1534 3586 vous

481 3628 537 3688 tur
564 3620 792 3697 Wilfaresdun‚
825 3620 860 3685 id
894 3627 953 3696 est,
987 3621 1085 3685 Mons
1107 3621 1246 3699 wilfari,
1280 3628 1315 3688 et
1346 3629 1398 3689 est
1419 3646 1442 3689 a
1463 3624 1534 3688 vieo

483 3724 700 3791 Catarectano
733 3723 843 3787 decem
874 3721 975 3786 ferme
1013 3724 1107 3787 milia
1142 3746 1295 3810 passuum
1329 3730 1445 3791 contra
1473 3725 1534 3791 sol-

481 3826 640 3893 stitialem
667 3846 815 3891 oceasum
839 3830 1001 3889 secretus:
1039 3825 1240 3911 divertitque
1269 3828 1339 3913 ipse
1369 3850 1444 3892 eum
1469 3850 1533 3893 uno

481 3932 613 3995 tantum
636 3928 741 3993 milite
764 3926 827 3991 sibi
842 3924 1009 4001 fidissimo,
1026 3927 1159 3991 nomine
1179 3927 1359 4005 monuero,
1381 3929 1533 3995 uelandus

482 4032 517 4097 in
544 4032 678 4096 domum
703 4027 831 4093 comitis
856 4024 1047 4103 Hunwaldi,
1073 4048 1171 4114 quem
1201 4030 1302 4094 etiam
1333 4032 1441 4116 ipsum
1470 4032 1533 4096 sibi

482 4134 713 4198 amicissimum
743 4128 946 4194 autumabat.
1001 4128 1076 4205 sed,
1107 4129 1180 4207 heu,
1212 4152 1271 4216 pro
1297 4131 1411 4198 dolor!
1437 4132 1532 4220 longe

482 4234 577 4299 aliter
614 4236 705 4297 erate
753 4248 830 4295 nam
868 4228 911 4294 ab
949 4230 1063 4295 eodem
1097 4232 1216 4297 comite
1252 4234 1419 4318 proditum
1456 4257 1531 4301 eum

315 4324 460 4381 Mlffl‘llf
483 4332 574 4401 Oswi
598 4352 672 4399 oum
699 4332 834 4419 praefato
859 4330 961 4417 ipsius
987 4332 1093 4397 milite
1119 4354 1178 4420 per
1199 4334 1390 4421 praelectum
1414 4335 1532 4403 suum‘

491 4560 640 4569 u-——n--w
654 4560 1056 4571 -n--—--—-—-———-
1077 4566 1083 4569 .
1105 4565 1152 4569 .—
1275 4568 1522 4576 -———--

480 4712 908 4871 Bepppsrnssm1pi0oneu,us.
933 4730 981 4782 see
1063 4734 1166 4804 mus]
1179 4738 1341 4801 usuum
1358 4751 1438 4799 uum,
1450 4736 1511 4788 neo.

535 4817 588 4869 ur.
605 4820 640 4865 u.
