3542 5800
470 855 534 928 176
737 873 803 922 mc.
827 871 873 922 nn
899 873 1030 922 creare.
1053 872 1141 922 sene.
1165 872 1251 922 msc.

468 1081 489 1122 a
525 1060 690 1145 proposito
728 1065 787 1125 tuo
825 1061 991 1125 divertens
1029 1060 1115 1148 ipsos
1149 1061 1237 1126 inter
1274 1080 1332 1124 nos
1370 1059 1405 1122 in
1443 1079 1520 1144 pacc

468 1181 599 1225 manere
636 1162 781 1246 pateris?
832 1162 896 1226 Eia
933 1185 1017 1248 ergo,
1049 1163 1205 1249 permitte
1241 1161 1357 1226 saltem
1388 1165 1428 1225 ut
1457 1161 1519 1246 ipsi

467 1261 555 1326 inter
576 1263 766 1348 semetipsos
788 1263 918 1330 civilem
940 1263 1085 1330 habeant
1108 1265 1309 1340 discordiam,
1341 1267 1375 1328 et
1397 1263 1520 1327 mutuis

466 1362 613 1430 cladibus
668 1364 801 1431 affecti¹
855 1387 876 1431 a
921 1367 1029 1452 petria
1075 1372 1188 1432 nostra
1236 1363 1519 1432 exterminentur.⁹

467 1465 544 1530 Non
583 1473 633 1532 est
666 1467 754 1532 enim
788 1469 870 1534 fides
901 1467 950 1532 illi
982 1469 1151 1548 servanda,
1185 1469 1242 1556 qui
1279 1487 1406 1554 semper
1442 1466 1520 1530 insi·

467 1567 587 1648 dictur,
612 1573 652 1634 ut
685 1590 761 1634 eum
787 1569 840 1635 cui
864 1593 937 1636 eam
964 1571 1062 1636 debet
1086 1571 1228 1636 versutis
1254 1570 1380 1656 laqueis
1404 1569 1518 1654 espiat.

468 1669 615 1735 Saxones
648 1692 726 1758 ergo
755 1693 798 1736 ex
828 1694 893 1758 quo
931 1673 1071 1758 patriam
1108 1672 1251 1758 primum
1287 1677 1433 1736 nostram
1470 1671 1520 1734 in-

466 1774 567 1858 gressi
597 1778 683 1849 sunt,
714 1795 841 1860 semper
869 1775 1063 1840 insidiantes
1086 1779 1218 1862 gentem
1245 1779 1390 1839 nostram
1413 1773 1520 1858 perdi-

467 1875 594 1940 denmt.
656 1875 763 1955 Quam
807 1878 921 1962 itaque
959 1867 1058 1942 fide'm
1096 1879 1142 1944 eis
1179 1883 1291 1942 tenere
1336 1876 1520 1942 debemusl

467 1976 521 2041 Da
543 1979 631 2042 ocius
653 1977 775 2044 Pendae
807 1979 975 2044 licentiam
1006 1986 1045 2044 ut
1075 1981 1111 2044 in
1143 1980 1335 2066 praedictum
1371 1977 1518 2043 Oswium

420 2097 423 2103 ’
466 2079 623 2166 insurgat,
648 2085 687 2145 ut
708 2081 756 2145 sic
776 2081 866 2147 civili
898 2082 1059 2147 discordia
1088 2081 1269 2148 interillos
1292 2086 1408 2146 exorte
1436 2081 1519 2144 alter

466 2182 607 2247 alterum
644 2184 807 2269 perimens
844 2184 888 2248 ab
926 2184 1033 2248 insula
1069 2189 1181 2249 nostra
1219 2183 1394 2249 deleatur.''
1454 2181 1518 2245 His

466 2285 570 2370 igitur
599 2288 634 2350 et
663 2286 812 2371 pluribus
841 2287 915 2350 aliis
955 2287 1050 2351 dictis
1087 2291 1197 2352 motus
1233 2308 1293 2351 rex
1341 2284 1517 2358 Cadwallo,

298 2388 386 2441 Penus
468 2385 588 2452 Pendae
617 2381 711 2451 dedit
739 2387 906 2454 licentiam
936 2389 1165 2476 congrediendi
1191 2409 1266 2452 eum
1290 2387 1408 2452 Oswi0.
1454 2385 1517 2464 Qui

299 2457 414 2586 &22⁹⁸
466 2489 584 2554 deinde
608 2489 743 2554 collecto
767 2490 1000 2557 innumerabili
1024 2491 1169 2556 exercitu
1199 2490 1382 2576 praeterivit
1412 2487 1520 2552 Hum-

300 2589 377 2640 oswi.
466 2591 572 2669 brum,
589 2599 624 2658 et
645 2594 831 2678 provincias
854 2594 1000 2660 eiusdem
1015 2593 1132 2680 patriae
1147 2593 1309 2657 vastando
1325 2591 1519 2678 praedictum

466 2717 576 2782 regem
599 2696 718 2760 acriter
743 2698 845 2782 coepit
868 2697 1059 2782 inquietare.
1117 2695 1294 2760 Tunc·rex
1321 2693 1420 2770 Oswi,
1445 2713 1520 2758 cum

299 2821 453 2887 Minae
467 2797 598 2863 acerbus
628 2803 728 2884 atque
753 2799 978 2864 intolerabiles
1007 2803 1177 2884 pateretur
1206 2797 1403 2884 irruptiones
1432 2817 1519 2882 saepe

301 2888 392 2940 Mauh.
467 2902 547 2966 dicti
576 2902 663 2989 regis
695 2902 892 2967 Merciorum
922 2901 1051 2979 Pendae,
1079 2903 1137 2989 qui
1173 2902 1309 2967 fratrem
1339 2900 1410 2967 eius
1440 2900 1528 2963 occi-=

299 2956 405 3085 {villi}
468 3004 569 3082 derat,
600 3005 644 3069 ad
675 3004 829 3069 ultimum
860 3005 1055 3070 necessitate
1084 3009 1219 3091 cogente
1249 3004 1399 3090 promisit
1428 3024 1462 3067 se
1490 3002 1520 3067 ei

300 3082 455 3219 &iffi-¹¹⁶·
468 3108 641 3173 innumera
678 3113 713 3173 et
750 3108 875 3172 maiora
913 3129 1012 3193 quam
1050 3108 1136 3172 credi
1174 3110 1284 3193 potest
1329 3108 1521 3169 ornamenta

301 3228 360 3273 154.
468 3211 558 3297 regia
586 3211 641 3275 vel
670 3210 807 3275 donaria
835 3210 871 3275 in
897 3210 1040 3295 pretium
1070 3209 1159 3296 pacis
1189 3208 1394 3296 largiturum,
1426 3208 1521 3271 dum-

468 3314 566 3377 modo
588 3312 645 3376 ille
669 3313 803 3378 domum
825 3312 957 3392 rediret,
974 3318 1008 3378 et
1023 3312 1208 3399 provincias
1222 3311 1317 3398 regni
1333 3312 1403 3376 eius
1417 3330 1520 3395 usque

467 3414 511 3479 ad
532 3416 790 3480 internecionem
821 3420 952 3480 vastare
979 3415 1148 3480 desineret.
1196 3414 1345 3501 Cumque
1367 3434 1426 3477 rex
1450 3434 1522 3498 per-

467 3516 554 3581 fidus
583 3515 698 3581 Penda
725 3517 915 3583 nullatenus
945 3518 1094 3603 precibus
1124 3517 1212 3583 illius
1242 3538 1408 3582 assensum
1437 3536 1521 3600 prce-

467 3616 568 3694 beret
583 3618 641 3703 qui
663 3623 769 3683 totam
784 3620 854 3684 eius
872 3624 1005 3706 gentem
1020 3643 1041 3685 a
1055 3642 1157 3706 parvo
1171 3642 1275 3707 usque
1297 3620 1341 3685 ad
1362 3640 1519 3705 magnum

469 3720 576 3785 delere
598 3725 700 3807 etque
724 3722 944 3787 exterminare
960 3723 1157 3799 decreverat,
1172 3723 1327 3811 respexit
1343 3722 1435 3787 Oswi
1461 3743 1520 3787 rcx

467 3824 511 3887 ud
533 3822 666 3889 Divinae
697 3823 857 3889 auxilium
880 3824 1021 3911 pietatis,
1053 3847 1118 3912 quo
1141 3826 1183 3891 ab
1210 3824 1381 3912 impietate
1403 3824 1520 3889 berba-

467 3926 535 3992 rica
563 3932 673 4013 posset
702 3926 804 4013 eripi:
845 3932 989 4013 votoque
1012 3948 1046 3993 se
1070 3926 1225 4014 obligans,
1252 3925 1321 3992 “Si
1342 3924 1519 4014 paganus‚''

466 4029 584 4116 inquit,
620 4030 757 4094 “nescit
791 4028 933 4115 accipere
966 4034 1078 4095 nostre
1110 4029 1251 4108 donaria,
1283 4029 1458 4096 offeramus
1489 4028 1519 4093 ei

360 4132 377 4181 ¹⁹
467 4133 524 4217 qui
555 4133 660 4209 novit,
684 4130 827 4197 Domino
850 4130 922 4196 Deo
944 4130 1084 4197 nostr0.''
1144 4132 1248 4198 Vovit
1277 4154 1355 4219 ergo
1384 4131 1462 4217 quia
1490 4130 1521 4195 si

317 4215 364 4249 Μ’
467 4233 575 4298 victor
600 4234 767 4309 existeret,
792 4231 896 4298 filiam
923 4255 1016 4299 suam
1042 4232 1186 4299 Domino
1212 4256 1304 4300 sacra
1326 4234 1520 4319 virginitate

467 4334 638 4399 dicandam
665 4336 804 4414 offerret,
820 4335 919 4400 simul
944 4340 978 4401 et
1001 4336 1171 4402 duodecim
1198 4337 1413 4424 possessiones
1438 4357 1521 4423 prae-

503 4698 510 4729 ¹
521 4696 619 4765 effecti]
633 4695 730 4759 affecta,
742 4695 798 4750 MS.

982 4718 989 4833 Ι
1052 4700 1269 4769 ²extcrminenlur]
1307 4702 1521 4763 exterminemur,

1019 4778 1074 4829 MS.
