3542 5800
462 872 527 935 340
721 884 787 935 ruo.
812 884 859 932 nn
882 883 1015 933 amnuo.
1039 882 1129 932 senc.
1152 882 1240 932 mer.

294 1082 363 1138 An.
376 1088 431 1139 ero.
460 1072 628 1138 lenociniis
642 1072 789 1137 illectum
804 1071 954 1158 decipies,
966 1094 1064 1157 quem
1080 1070 1206 1137 Christi
1220 1070 1331 1157 gratia
1343 1066 1509 1135 frdcitnm¹

459 1176 607 1262 reperies.
668 1175 849 1240 Thesauros
879 1180 914 1239 et
944 1173 1088 1253 divitiae,
1115 1196 1196 1259 quas
1225 1173 1322 1240 nobis
1352 1172 1510 1239 hactenns

461 1278 602 1343 contidit
632 1276 758 1343 Divina
794 1276 1013 1365 providentio,
1051 1282 1161 1343 sumat
1187 1280 1422 1363 consumatque
1447 1280 1509 1341 tua

458 1380 657 1446 insatiabilis
679 1379 833 1455 aviditas,
857 1380 1015 1466 quoniam
1036 1383 1100 1445 etsi
1121 1380 1182 1445 hoc
1204 1401 1321 1466 corpus
1341 1379 1506 1456 caducum,

459 1483 582 1571 fragile,
599 1483 783 1570 confringas
808 1483 902 1549 velut
927 1504 988 1547 vas
1013 1482 1117 1562 futile,
1141 1504 1222 1547 vera
1244 1483 1380 1548 libertas
1404 1482 1507 1547 animi

461 1586 672 1674 [nunquamP
698 1586 760 1652 tibi
791 1592 922 1672 tuteque
945 1585 1138 1651 infidelitati
1157 1586 1212 1651 vel
1236 1586 1280 1650 ad
1304 1590 1507 1651 momentum

460 1690 591 1755 suberit.
638 1688 825 1755 Honestum
840 1694 891 1755 est
906 1688 996 1754 enim
1010 1694 1203 1775 perpetuam
1222 1688 1395 1755 defendere
1410 1688 1507 1754 liber-

459 1798 564 1857 tatem
594 1792 755 1878 simulque
793 1791 872 1857 fidei
907 1792 1098 1878 puritatem,
1127 1812 1188 1879 pro
1224 1792 1345 1877 quibus
1376 1791 1507 1857 etiamsi

460 1917 587 1962 necesse
602 1899 652 1961 est
672 1895 869 1973 occumbere,
892 1916 960 1959 non
983 1893 1102 1961 inutile
1127 1900 1326 1982 reputamus,
1352 1894 1507 1981 quoniam

461 2021 520 2087 pro
536 1999 637 2064 altero
652 1997 828 2084 gloriosum
844 2002 896 2064 est
920 1996 1013 2077 mori,
1029 2018 1088 2084 pro
1110 1997 1214 2063 altero
1229 2018 1307 2062 vero
1329 1996 1508 2084 opponitur

461 2105 667 2171 contumacia
682 2104 818 2170 servilis.
856 2102 986 2190 Quippe
1000 2124 1140 2181 servum,
1157 2124 1367 2189 quascunque
1381 2102 1508 2169 domini

460 2208 666 2275 condiciones
696 2208 828 2294 accepit,
856 2212 1005 2292 acceptas
1029 2227 1160 2272 servare
1185 2208 1358 2273 convenit:
1391 2207 1422 2271 si
1452 2228 1507 2271 eas

461 2310 643 2398 quemlibet
666 2311 796 2396 iniquas
822 2310 960 2396 respuit,
990 2330 1064 2373 reus
1090 2309 1273 2375 maiestatis
1300 2309 1509 2375 adiudicatur

460 2414 632 2479 servilibus
662 2414 838 2500 suppliciis.
885 2412 952 2479 Sed
974 2417 1063 2478 esto:
1091 2413 1202 2498 gravis
1218 2413 1315 2478 huius
1335 2413 1507 2479 servitutis

460 2538 559 2596 usus;
581 2521 616 2581 at
632 2516 764 2603 gravior
778 2515 987 2596 exulceratio,
1011 2536 1086 2601 quae
1108 2514 1194 2581 solet
1215 2515 1305 2581 nasci
1319 2514 1506 2581 huiusmodi

459 2618 648 2685 infortunio.
711 2618 891 2703 Siquidem,
929 2622 969 2683 ut
1005 2622 1171 2684 noverunt
1209 2619 1267 2704 qui
1302 2617 1507 2703 frequentius

458 2722 685 2789 ratiocinando
724 2720 909 2787 forensibus
953 2720 1059 2786 causis
1096 2720 1271 2802 intersunt,
1310 2742 1355 2787 ex
1388 2742 1508 2809 repug-

459 2824 617 2890 nantibus
646 2824 733 2889 facta
771 2822 1006 2911 complexionis
1043 2824 1277 2911 consequentia
1306 2828 1432 2889 certum
1455 2830 1507 2890 cst

459 2929 537 3016 quia
566 2929 607 2994 si³
638 2929 775 2994 libertas
805 2929 942 3015 petitur,
973 2929 1087 3015 procul
1116 2928 1218 2993 dubio
1256 2929 1408 2994 dominus
1446 2951 1507 2994 suo

458 3037 650 3119 contemptu
678 3031 818 3099 laeditur.
864 3030 986 3096 Icciroo
1001 3053 1059 3096 seu
1085 3037 1203 3118 sponte
1226 3055 1284 3099 seu
1309 3031 1438 3099 invitus
1463 3033 1506 3098 de

457 3157 582 3202 carcere
605 3157 663 3201 suo
678 3157 771 3201 meus
794 3133 836 3199 ad
863 3133 982 3199 coelum
1008 3134 1118 3200 evolet
1141 3135 1227 3202 liber
1249 3135 1508 3222 spi1itus,nulla

457 3239 728 3326 emancipationis
754 3243 813 3303 aut
836 3235 1090 3303 abalienationis
1115 3239 1222 3325 specie
1252 3239 1506 3318 contaminatus,

457 3344 536 3427 quia
561 3363 670 3428 regern
696 3340 899 3406 diminutum
921 3341 1028 3427 capite
1061 3362 1232 3429 nunquam
1268 3343 1386 3408 Dauus
1407 3343 1501 3411 vide-

456 3443 507 3508 bis
544 3443 586 3508 ad
624 3443 830 3532 triumphurn
859 3443 1079 3529 supervivere
1148 3444 1316 3511 Sollicitas
1354 3467 1407 3513 me
1445 3469 1505 3533 spe

456 3545 557 3633 regni,
588 3545 770 3613 interfectis
801 3547 954 3612 omnibus
983 3547 1074 3623 meis,
1106 3569 1144 3614 ac
1165 3549 1195 3613 si
1220 3549 1303 3614 mihi
1326 3554 1397 3616 tam
1428 3551 1503 3616 dira

456 3650 500 3716 sit
524 3648 642 3736 cupido
668 3651 830 3736 regnandi
854 3655 894 3714 ut
917 3649 1019 3717 velim
1042 3671 1180 3738 praeesse
1211 3651 1362 3718 domibus
1388 3654 1504 3719 vacuis

456 3753 642 3818 habitatore
664 3751 768 3818 nobili
797 3756 831 3816 et
849 3751 993 3838 pretiosa
1018 3753 1213 3840 supellectili
1225 3781 1233 3836 ;
1255 3761 1294 3821 ut
1317 3757 1418 3843 coepit
1443 3763 1506 3822 tua

455 3877 542 3922 saevs
564 3853 687 3935 feritas,
709 3859 785 3942 post
807 3853 946 3919 famulos
960 3877 1071 3941 regem
1093 3856 1175 3922 solio
1198 3857 1356 3944 diripiat,⁴
1380 3859 1503 3937 mahat,

455 3961 586 4045 expuat,
626 3957 769 4044 colaphis
807 3957 922 4036 caedat,
960 3957 1003 4023 ad
1041 3958 1197 4024 ultimum
1235 3960 1370 4048 iugulet.
1430 3961 1505 4028 Rex

455 4083 569 4149 regum
613 4059 680 4126 ista
718 4061 879 4126 miserans
917 4060 1054 4138 videbit,
1094 4066 1129 4127 et
1166 4085 1283 4142 secum,
1321 4068 1362 4130 ut
1380 4066 1503 4142 eredo,

432 4169 668 4250 'regnaturum
699 4164 740 4228 ad
772 4168 930 4229 aeternam
952 4163 1057 4229 vitam
1079 4165 1265 4232 transferet.
1313 4167 1413 4233 Unde
1442 4191 1502 4233 no-

456 4267 541 4334 veris
566 4267 654 4351 quod
677 4287 737 4352 pro
760 4288 869 4333 amore
894 4267 974 4334 vitae
999 4268 1419 4354 temporalisilbristianus
1440 4293 1502 4338 rex

1279 4487 1493 4496 *eun—w·-

489 4605 496 4636 ¹
509 4601 725 4672 fflcficfulcitsm]
739 4603 859 4658 institutis
870 4607 936 4658 incr·
1033 4610 1090 4677 ἐι]
1104 4610 1146 4670 Ας
1163 4611 1195 4673 ei,
1207 4609 1263 4663 MS.
1281 4639 1285 4645 ⁴

454 4685 574 4744 memll.
1036 4688 1350 4756 ⁴diriptor]diripat,MS.

488 4763 644 4830 2πιιηφιιυιι]
656 4765 769 4832 supplied
781 4767 845 4818 lrom
859 4766 892 4817 A.
