3542 5800
466 858 509 924 68
722 869 786 919 mc.
818 870 865 919 ns
896 869 1027 920 manac.
1057 868 1145 919 seno.
1177 866 1262 919 mer.

464 1061 524 1137 est,
558 1061 592 1123 et
624 1056 673 1121 ibi
706 1056 816 1145 aliquo
849 1056 947 1121 modo
982 1057 1092 1141 eulpae
1126 1076 1201 1119 suas
1239 1074 1421 1141 agnoscere,
1460 1053 1519 1118 ubi

464 1158 560 1244 culpa
588 1180 657 1223 non
686 1164 759 1239 est3
796 1158 875 1244 quia
911 1180 997 1245 saepe
1035 1158 1105 1223 sine
1143 1157 1239 1243 culpa
1272 1156 1391 1243 agitur,
1430 1154 1519 1241 quod

464 1261 558 1327 venit
580 1282 622 1325 ex
644 1262 761 1347 culpa:
794 1260 882 1326 unde
906 1261 1006 1325 etiam
1029 1282 1104 1325 cnm
1131 1260 1300 1336 esurimus,
1329 1260 1401 1325 sine
1424 1257 1520 1344 culpa

463 1363 672 1442 comedimus,
696 1362 815 1449 quibus
837 1385 881 1428 ex
904 1362 998 1449 culpa
1020 1362 1119 1448 primi
1143 1362 1285 1427 hominis
1311 1360 1436 1427 factum
1468 1366 1519 1425 est

463 1469 504 1531 nt
526 1465 731 1535 esuriremus
786 1465 959 1531 Menstrua
983 1466 1071 1529 enim
1099 1462 1299 1530 consuetudo
1326 1463 1518 1529 mulieribus

463 1590 531 1633 non
553 1567 665 1653 aliqua
686 1566 782 1654 culpa
804 1572 863 1647 est,
887 1567 1040 1633 videlicet
1062 1567 1141 1652 quia
1166 1566 1363 1631 naturaiiter
1384 1565 1517 1631 accedit.

464 1670 532 1737 Sed
547 1674 659 1737 tamen
673 1670 763 1757 quod
777 1673 900 1735 natura
914 1669 985 1754 ipsa
999 1670 1049 1734 ita
1063 1669 1185 1735 vitiata
1200 1673 1258 1744 eet,
1276 1674 1315 1733 ut
1330 1668 1431 1733 etiam
1446 1669 1517 1733 sine

464 1773 647 1840 voluntatis
671 1774 782 1839 studio
805 1772 959 1837 videatur
983 1792 1051 1839 esee
1074 1770 1210 1858 polluta,
1237 1793 1279 1837 ex
1307 1770 1402 1856 eulpa
1424 1770 1517 1836 venit

463 1877 594 1956 vitium,
617 1877 653 1942 in
676 1896 741 1963 quo
764 1896 798 1941 se
821 1874 935 1961 ipsam,
959 1873 1066 1959 qualis
1093 1896 1151 1960 per
1174 1874 1332 1939 indicium
1353 1872 1441 1937 facta
1463 1874 1515 1951 sit,

463 1978 609 2045 hnmana
630 1983 751 2044 natura
773 1982 964 2063 eognoscat;
990 1980 1024 2041 et
1046 1975 1144 2041 homo
1167 1976 1223 2062 qui
1247 1977 1375 2064 culpam
1399 1982 1515 2061 sponte

462 2082 674 2167 perpetravit,
702 2086 831 2146 reatum
856 2078 962 2164 culpae
988 2083 1098 2164 portet
1122 2078 1255 2144 invitus.
1307 2078 1419 2163 Atque
1442 2078 1516 2143 ideo

461 2182 594 2249 feminae
623 2205 698 2247 cnm
735 2182 924 2268 semetipsas
961 2179 1168 2247 considerant
1205 2186 1240 2245 et
1277 2182 1311 2245 in
1349 2186 1516 2245 menstrua

463 2285 702 2352 consuetudine
740 2285 784 2349 ad
829 2287 1069 2349 sacramentum
1116 2282 1251 2348 Domini
1293 2283 1434 2368 corporis
1480 2290 1516 2349 et

462 2387 631 2473 sanguinis
655 2387 805 2451 accedere
832 2408 900 2450 non
926 2390 1138 2472 praesumunt,
1170 2384 1211 2451 de
1244 2407 1304 2451 sua
1326 2392 1414 2450 recta
1440 2408 1515 2451 oon-

461 2489 660 2557 sideratione
689 2488 863 2554 laudandae
894 2491 994 2569 sunt;
1025 2488 1105 2554 dum
1134 2508 1213 2553 vero
1244 2487 1442 2575 percipiendi
1472 2511 1514 2553 ex

461 2592 621 2678 religiosae
652 2592 733 2658 vitae
766 2589 1001 2657 consuetudine
1036 2590 1182 2656 eiusdem
1217 2591 1368 2677 mysterii
1405 2612 1514 2657 amore

461 2695 643 2779 rapiuntur,
681 2694 905 2781 reprimendae,
944 2693 1029 2759 sieut
1066 2693 1288 2780 praediximus
1326 2716 1393 2759 non
1428 2700 1513 2761 sunt.

461 2796 556 2863 Sicut
579 2795 667 2861 enim
689 2796 727 2861 in
747 2795 958 2862 Testamento
978 2795 1082 2860 veteri
1104 2795 1267 2861 exteriora
1286 2818 1385 2882 opera
1407 2795 1515 2863 obser-

461 2905 592 2976 vantur,
620 2898 669 2965 ita
693 2900 729 2965 in
751 2898 963 2964 '1¹eetamento
989 2919 1086 2978 novo,
1118 2921 1184 2964 non
1208 2903 1278 2964 tarn
1304 2898 1393 2985 quod
1422 2905 1513 2965 exte-

460 3003 529 3068 rius
550 3003 671 3090 agitur,
702 3021 801 3088 quam
828 3002 863 3067 id
890 3001 979 3087 quod
1005 3001 1143 3066 interius
1169 3001 1342 3087 cogitatur,
1373 3003 1513 3068 sollicita

460 3105 646 3171 intentione
683 3104 877 3184 attenditur,
916 3106 956 3168 ut
993 3102 1108 3168 subtili
1144 3103 1310 3168 sententia
1347 3105 1511 3191 puniatur.

462 3207 551 3272 Nam
580 3230 655 3274 oum
692 3207 799 3274 multa
825 3205 896 3272 LeX
922 3205 1017 3270 velut
1038 3205 1198 3270 inmunda
1227 3205 1417 3272 manducari
1440 3229 1514 3294 pro·

460 3309 593 3390 tribeat3
615 3311 651 3374 in
668 3305 861 3394 Evangelio¹
882 3313 995 3372 tamen
1011 3306 1173 3371 Dominus
1188 3307 1287 3374 dicit:
1315 3307 1409 3373 ‘Non
1424 3309 1511 3394 quod

460 3411 566 3475 intrat
587 3413 623 3476 in
645 3431 690 3488 os,
713 3409 905 3492 coinquinat
925 3409 1115 3491 liorninem3
1144 3409 1202 3474 sed
1225 3431 1298 3495 quae
1322 3417 1446 3476 exeunt
1469 3411 1510 3477 de

460 3532 524 3592 ore,
549 3511 607 3576 illa
628 3515 708 3577 sunt
727 3532 801 3597 quae
822 3511 1037 3597 coinquinant
1057 3509 1240 3578 hominem'
1285 3513 1397 3598 Atque
1413 3513 1510 3600 paulo

459 3619 533 3699 post
554 3614 694 3680 subiecit
716 3611 904 3700 exponens2
951 3613 1020 3678 'Ex
1041 3613 1137 3678 corde
1159 3620 1283 3680 exeunt
1298 3617 1511 3702 cogitationes

459 3714 575 3783 malae?
621 3713 693 3782 Ubi
726 3714 870 3780 ubertim
909 3715 1092 3782 indicatum
1141 3720 1200 3792 est,
1231 3717 1311 3802 quia
1347 3717 1430 3784 illud
1467 3719 1510 3784 ab

460 3816 689 3905 Omnipotenti
720 3818 792 3882 Deo
825 3816 989 3905 pollutum
1020 3839 1090 3884 esse
1119 3817 1156 3884 in
1188 3839 1284 3905 opere
1314 3821 1508 3899 ostenditur,

458 3921 548 4006 quod
574 3943 617 3986 ex
647 3919 783 4007 pollutae
805 3919 1016 4007 cogitationis
1041 3919 1149 3986 radice
1176 3926 1358 4006 generatur.
1410 3921 1508 3988 Unde

458 4022 581 4090 Paulus
610 4043 739 4109 qnoque
768 4021 936 4108 apostolus
966 4020 1046 4087 dicit
1059 4019 1082 4086 :³
1106 4021 1247 4088 ‘Omnia
1269 4023 1393 4088 munda
1414 4046 1509 4090 mun-

457 4123 516 4200 dis,
547 4123 766 4211 coinquinatis
795 4129 907 4189 autem
938 4127 973 4187 et
1002 4123 1190 4189 infidelibus
1220 4123 1305 4189 nihil
1334 4130 1385 4190 est
1413 4147 1507 4191 mun-

458 4223 555 4289 dum!
612 4227 724 4312 Atque
761 4247 840 4292 mox.
877 4225 1022 4290 eiusdem
1061 4225 1336 4312 coinquinationis
1377 4249 1511 4294 causam

457 4327 658 4394 annuntians
677 4328 872 4415 subiungit:
892 4327 1131 4416 'Coinquinata
1153 4332 1233 4395 sunt
1255 4329 1396 4395 enimet
1416 4353 1507 4400 mens

465 4539 789 4546 --—---—-——----
811 4541 1143 4550 —-—————---————-
1159 4543 1236 4548 ..ι--
1247 4540 1493 4548 —-—-——-—

490 4709 497 4738 ¹
510 4707 585 4758 Matr.
598 4723 641 4758 xv,
655 4713 693 4759 11.

489 4791 584 4840 ΙΜιιιι.
599 4806 642 4840 xv.
659 4798 695 4842 19.
