3542 5800
456 872 520 938 102
714 888 779 945 ruo.
811 889 858 938 nn
889 889 1021 939 crenus.
1053 888 1140 939 senc.
1173 889 1257 943 srsr.

452 1071 629 1158 apostoliae
658 1072 873 1153 districtione,
903 1094 1005 1158 quare
1034 1094 1168 1159 gregem
1206 1094 1303 1158 quem
1341 1072 1406 1138 sihi
1435 1072 1506 1158 ipse

452 1175 643 1251 crediderat,
675 1175 884 1260 relinqueret,
909 1177 964 1245 vel
992 1176 1046 1243 cui
1071 1180 1240 1263 pastorum
1270 1196 1348 1241 oves
1379 1174 1506 1242 Christi

452 1278 488 1345 in
507 1277 617 1346 medio
636 1277 787 1363 luporum
806 1279 929 1365 positus
949 1279 1077 1365 fugiens
1099 1278 1169 1365 ipse
1190 1279 1384 1346 dimitteret.
1419 1286 1435 1313 “
1447 1278 1504 1343 An

452 1378 546 1457 mei,”
577 1380 695 1465 inquit,
737 1386 754 1413 “
769 1382 891 1447 obiitus
925 1403 959 1445 es
993 1382 1144 1469 exempli,
1177 1380 1235 1467 qui
1267 1402 1326 1468 pro
1356 1381 1503 1465 parvulis

453 1481 586 1558 Christi,
619 1503 700 1567 quos
730 1483 812 1555 mihi
842 1483 879 1551 in
908 1484 1066 1549 indicium
1097 1506 1165 1552 suae
1202 1483 1387 1551 dilectionis
1417 1504 1503 1555 oom-

452 1584 675 1662 mondaverat,
720 1586 862 1665 viuculo,
913 1587 1058 1664 verbere,
1104 1606 1254 1663 carceres,
1300 1584 1499 1663 afflictiones,

362 1736 366 1744 ,
451 1687 556 1772 ipsum
593 1693 758 1773 postremo
796 1694 944 1766 mortem,
978 1694 1119 1755 mortem
1156 1694 1267 1757 sutem
1306 1688 1419 1768 crucis,
1458 1688 1501 1753 ab

451 1788 644 1858 infidelibus
666 1790 864 1860 etinimicis
899 1791 1023 1858 Christi
1054 1792 1123 1878 ipae
1145 1812 1220 1861 cum
1244 1790 1376 1857 Christo
1415 1812 1503 1857 coro-

452 1892 581 1961 nsndus
610 1892 779 1979 pecuum
825 1892 890 1962 His
920 1894 1010 1959 beati
1047 1894 1139 1960 Petri
1168 1894 1305 1979 flagellis
1339 1896 1373 1957 et
1403 1892 1500 1957 simul

451 1983 734 2065 exhortationibus
764 1996 930 2062 animatus
959 1996 1101 2063 famulus
1132 1996 1256 2063 Christi
1295 1996 1499 2071 Laurentius,

450 2117 529 2160 mox
552 2119 650 2166 mane
671 2099 758 2169 facto
773 2099 867 2165 venit
889 2098 933 2163 ed
955 2120 1073 2185 regem,
1096 2104 1130 2165 et
1155 2099 1276 2167 reiecto
1301 2098 1500 2182 vestimento

450 2199 585 2282 quentis
611 2207 695 2268 esset
724 2202 917 2269 verberibus
945 2202 1105 2269 laceratus
1130 2202 1281 2271 ostendit
1328 2201 1394 2281 Qui
1416 2201 1500 2267 mul-

449 2305 522 2369 tum
546 2303 693 2379 mustus,
722 2309 756 2369 et
781 2306 952 2391 inquirens
975 2306 1049 2391 quis
1074 2311 1171 2371 tanto
1195 2306 1267 2371 viro
1292 2305 1373 2371 tales
1402 2326 1500 2371 susus

450 2409 535 2471 esset
549 2405 661 2491 plagas
683 2406 852 2493 infligere:
875 2412 916 2475 ut
931 2407 1061 2473 audivit
1083 2409 1162 2494 quia
1183 2430 1252 2475 suae
1266 2430 1363 2473 ceusu
1385 2408 1500 2473 salutis

449 2506 616 2591 episcopus
653 2508 696 2575 ab
733 2509 880 2595 apostolo
919 2510 1043 2576 Christi
1081 2516 1176 2578 tenta
1213 2515 1298 2577 esset
1334 2516 1500 2577 tormenta

278 2611 410 2667 mundis
447 2608 624 2695 plagasque
650 2584 827 2698 perpessus,
856 2612 1014 2679 extimuit
1040 2614 1184 2681 multum
1196 2639 1204 2693 ;
1235 2618 1335 2699 etque
1361 2612 1499 2679 anothe-

277 2684 425 2810 fflffi,
448 2711 607 2777 mctizato
642 2716 733 2779 omni
766 2715 928 2781 idolatriae
954 2716 1054 2794 cultu,
1079 2716 1230 2783 abdicato
1260 2715 1400 2783 conubio
1430 2736 1499 2781 non

278 2815 415 2873 mlecnd
447 2813 603 2901 legitimo,
628 2819 769 2904 suscepit
792 2819 892 2885 fidem
919 2816 1051 2895 Ohristi,
1077 2824 1112 2884 et
1134 2819 1330 2907 baptizatus,
1357 2818 1498 2887 ecdesiae

277 2882 435 3000 ffiffld‘
446 2917 551 2995 rebus,
577 2925 738 3005 quantum
761 2921 876 2998 valuit,
904 2923 940 2986 in
964 2921 1115 2987 omnibus
1139 2923 1304 2988 consulere
1326 2945 1364 2990 sc
1386 2922 1499 2988 favere

273 3011 372 3067 ΝΜ*
446 3022 582 3088 curavit.
629 3023 724 3088 Misit
754 3025 855 3088 etiam
887 3024 1035 3100 Gallicum,
1068 3031 1102 3090 et
1131 3026 1298 3091 revocavit
1329 3025 1495 3090 Mellitum

446 3144 483 3188 ac
498 3123 642 3203 Justum,
669 3148 787 3212 eosque
810 3127 854 3190 ad
880 3147 955 3190 suas
978 3126 1126 3192 ecclesias
1152 3127 1254 3192 libere
1277 3127 1498 3192 instituendas

444 3227 551 3292 redire
581 3231 756 3315 praecepit:
795 3230 853 3314 qui
891 3235 966 3315 post
995 3251 1120 3296 annum
1150 3252 1192 3294 ex
1229 3251 1295 3316 quo
1333 3229 1497 3307 abierunt,

363 3355 366 3360 ·
443 3330 567 3393 reversi
606 3337 704 3410 sunt;
742 3337 776 3396 et
805 3330 924 3396 Justus
954 3331 1087 3418 quidem
1124 3332 1167 3396 ed
1204 3333 1372 3398 civitatem
1412 3332 1495 3408 Rufi,

444 3431 497 3493 cui
543 3432 728 3516 praefuerat,
777 3433 883 3511 rediit,
933 3433 1098 3498 Mellitum
1135 3455 1214 3500 vero
1253 3435 1497 3500 Londonienses

443 3532 629 3618 episcopum
657 3533 800 3620 recipere
828 3536 1013 3613 noluerunt,
1044 3536 1192 3602 idolatris
1222 3538 1326 3623 magis
1362 3537 1496 3623 pontifi-

444 3633 536 3700 cibus
569 3635 691 3704 servire
724 3638 913 3724 gaudentes.
971 3640 1049 3704 Non
1086 3641 1175 3708 enim
1209 3644 1306 3708 tenta
1343 3646 1416 3706 erat
1453 3643 1493 3718 ei,

442 3741 568 3823 quanta
582 3739 669 3826 patri
695 3741 796 3829 ipsius
819 3741 913 3828 regni
938 3747 1090 3827 potestas,
1116 3747 1155 3811 ut
1179 3743 1279 3808 etiam
1305 3743 1494 3811 nolentibus

442 3861 481 3905 sc
517 3842 814 3910 contradicentibus
852 3845 988 3930 paganis
1035 3845 1219 3911 antistitem
1268 3867 1335 3912 suae
1383 3852 1494 3932 posset

441 3943 582 4013 ecclesiae
611 3945 754 4012 reddere.
801 3945 1039 4012 Verumtamen
1068 3948 1138 4034 ipsc
1176 3968 1250 4014 cum
1287 3970 1348 4014 sua
1384 3954 1490 4036 gente,

440 4067 482 4112 ex
503 4071 569 4136 quo
592 4050 635 4116 ad
657 4047 838 4114 Dominum
860 4069 1035 4114 conversus
1059 4053 1116 4128 est,
1140 4049 1272 4116 Divinis
1289 4072 1324 4116 se
1343 4050 1492 4122 studuit¹

439 4152 624 4236 mancipare
652 4151 830 4238 praeseptis.
876 4150 1028 4237 Denique
1059 4156 1093 4216 et
1122 4153 1157 4216 in
1187 4153 1385 4218 monasterio
1415 4154 1493 4218 bea-

440 4252 559 4316 tissimi
596 4255 816 4338 upostolorum
853 4253 1017 4342 principis,
1064 4254 1228 4320 ecclesiam
1265 4259 1387 4322 sanctae
1426 4256 1492 4322 Dei

439 4353 606 4439 genitricis
642 4354 727 4429 iecit,
759 4376 857 4442 quam
892 4356 1094 4422 consecravit
1124 4357 1380 4444 archiepiscopus
1409 4357 1492 4424 Mel-

269 4459 395 4544 Dsathor
440 4454 526 4520 litus.
574 4455 648 4521 Hoc
678 4455 766 4520 enim
795 4464 954 4543 regnante
981 4481 1057 4545 rege
1086 4459 1202 4524 beatus
1232 4460 1493 4547 archiepiscopus

268 4526 425 4582 “mm
440 4557 635 4623 lementius
649 4579 784 4646 regnum
809 4558 939 4626 coeleste
962 4561 1158 4638 conscendit,
1175 4565 1274 4652 etque
1297 4562 1333 4627 in
1357 4563 1494 4632 ecclesie

802 4800 810 4835 ¹
829 4799 936 4868 seduc]
956 4800 1049 4864 sedne
1063 4801 1118 4854 MS.
