3542 5800
465 885 529 960 170
733 899 800 950 nm
822 900 870 952 oa
893 901 1023 950 omme.
1048 902 1133 952 sano.
1158 903 1244 952 mar.

461 1091 533 1153 retr
558 1085 593 1150 in
609 1106 674 1171 qua
696 1091 809 1152 tamen
826 1087 897 1152 eius
919 1091 1024 1154 morte
1046 1087 1189 1164 innoxia,
1206 1087 1303 1154 iuxta
1320 1087 1512 1174 praedictum

461 1187 526 1252 viri
550 1187 622 1265 Dei,
649 1209 728 1256 vera
754 1193 804 1253 eet
829 1190 900 1254 eiua
922 1189 1017 1274 culpa
1042 1188 1167 1276 punita
1225 1187 1399 1256 Habuerat
1424 1189 1510 1254 enim

462 1311 547 1354 unus
579 1311 621 1354 ex
651 1290 702 1354 hia
734 1291 792 1377 qui
824 1311 901 1355 eum
927 1291 1117 1356 ooeidenmt
1146 1291 1328 1370 comitibus,
1360 1291 1510 1362 illicitum

462 1391 657 1478 coniugium,
688 1393 877 1478 quodcum
908 1394 1075 1479 episeopus
1102 1391 1274 1480 prohibere
1296 1399 1331 1460 et
1353 1394 1510 1480 oonigere

460 1516 527 1560 non
558 1499 674 1580 posset,
705 1495 1002 1565 exeommunieaiit
1032 1516 1115 1570 eum,
1151 1499 1251 1580 atque
1277 1495 1428 1564 omnibus
1453 1493 1510 1579 qui

460 1617 495 1661 ee
524 1597 638 1665 audire
664 1596 787 1662 vellent
817 1597 981 1684 praeoapit,
1013 1617 1054 1662 ne
1081 1598 1215 1667 domum
1241 1597 1312 1664 eius
1338 1598 1508 1672 intrarent,

459 1720 565 1784 neque
587 1698 628 1763 de
649 1698 731 1764 eibia
752 1697 841 1765 illiue
855 1699 1046 1786 aooiperent
1093 1698 1300 1784 Contempsit
1323 1704 1433 1770 autem
1450 1721 1509 1764 rex

459 1807 668 1888 praeceptum,
703 1805 738 1869 et
770 1803 905 1886 rogatus
936 1823 958 1867 a
986 1799 1113 1878 eomite¹
1144 1799 1286 1872 intravit
1319 1801 1510 1886 epulatum

460 1905 593 1974 domum
623 1903 714 1974 eius:
751 1902 809 1986 qui
839 1923 914 1969 oum
945 1901 1074 1978 abisset,
1115 1901 1265 1968 obviavit
1302 1903 1332 1966 ei
1363 1903 1508 1970 antistea

460 2007 509 2072 At
532 2027 594 2072 rex
619 2007 752 2073 intuens
778 2026 862 2082 eum,
894 2025 973 2070 mox
1002 2004 1212 2072 tremefaotua
1238 2003 1382 2072 desiiuit¹
1414 2025 1507 2089 equo,

459 2109 639 2194 eeoiditque
669 2113 748 2174 ante
773 2107 869 2194 pedes
905 2106 982 2186 eiua,
1017 2106 1149 2174 veniam
1190 2111 1301 2172 reatus
1334 2107 1507 2192 postulem

460 2211 549 2276 Nam
564 2216 599 2277 et
617 2211 784 2298 epiecopus
803 2209 928 2296 pariter
943 2207 1076 2285 deoiiuit
1086 2206 1108 2274 :¹
1131 2208 1260 2275 sederat
1277 2209 1366 2276 enim
1388 2215 1423 2276 et
1440 2209 1509 2296 ipae

459 2315 494 2381 in
526 2335 618 2398 equo.
675 2312 787 2387 Iratus
817 2318 930 2383 autem
962 2311 1077 2396 tetigit
1099 2332 1209 2396 regem
1232 2311 1392 2382 iaoentem
1414 2311 1509 2397 virga

458 2437 558 2500 quam
589 2414 725 2481 tenebat
758 2436 868 2491 manu,
903 2419 938 2478 et
968 2412 1147 2500 pontificali
1179 2413 1357 2482 autoritate
1385 2418 1509 2499 protes-

458 2522 567 2590 tatus:
602 2523 620 2552 “
636 2517 720 2585 Dioo
743 2515 835 2594 tibi‚''
862 2516 980 2602 inquit,
1010 2516 1100 2601 “qui
1127 2515 1263 2583 noluisti
1285 2520 1320 2580 te
1342 2517 1508 2583 continere

458 2644 479 2686 a
515 2621 612 2687 domo
646 2618 767 2705 perditi
797 2623 832 2684 et
861 2617 1010 2686 damnati
1042 2618 1138 2695 iilius,
1178 2623 1217 2686 tu
1246 2617 1283 2684 in
1312 2617 1383 2704 ipsa
1412 2619 1508 2685 domo

458 2721 541 2788 mori
564 2719 691 2789 habea”
736 2721 804 2786 Sed
829 2721 1028 2791 eredendum
1053 2725 1104 2786 est
1125 2720 1203 2805 quia
1228 2719 1305 2788 mis
1327 2741 1414 2786 mora
1443 2722 1507 2788 viri

457 2823 602 2911 religiosi
627 2845 695 2891 non
721 2824 828 2891 solum
857 2821 972 2888 talem²
998 2822 1126 2909 eulpam
1150 2821 1292 2898 diluerit,
1320 2823 1377 2888 sed
1406 2823 1507 2888 etiam

457 2929 615 2993 meritum
637 2928 709 2993 eius
731 2926 883 2993 auxerit:
917 2926 995 3011 quia
1024 2925 1181 2994 nimirum
1212 2925 1253 2991 ob
1280 2947 1410 2993 oausam
1440 2928 1507 3013 pie-

456 3032 544 3106 tatis,
576 3031 654 3116 quia
689 3034 823 3115 propter
853 3028 1095 3096 observantiam
1125 3028 1355 3118 mandatorum
1384 3027 1508 3095 Christi

455 3133 602 3218 contigit

287 3493 443 3572 Baptimof
496 3486 747 3554 ΟοΝτιΝυΑΤΙο.
794 3489 947 3575 Sigberto
970 3494 1080 3553 autem
1104 3508 1188 3575 rege,
1213 3492 1252 3552 ut
1275 3486 1427 3563 diximum
1458 3488 1507 3551 in-

289 3560 428 3678 {u'ffl’
458 3589 603 3669 terfeotO,
630 3592 784 3656 suecessit
810 3592 841 3657 ei
867 3592 904 3657 in
932 3611 1070 3679 regnum
1094 3589 1314 3654 Orientalium
1337 3588 1505 3657 Saxonum

288 3692 429 3759 orsigbera
458 3690 678 3768 Swithelmus,
700 3694 789 3759 filius
812 3694 978 3770 Sexbaldi,
1003 3692 1061 3779 qui
1083 3691 1272 3779 baptizatus
1295 3696 1345 3756 est
1371 3690 1505 3779 abipso

457 3793 527 3860 ced
547 3795 584 3859 in
605 3796 773 3881 provincia
796 3795 1016 3862 Orientalium
1038 3793 1230 3880 Anglorum‚
1254 3794 1289 3859 in
1312 3794 1385 3859 vico
1414 3795 1504 3881 regio

456 3898 513 3984 qui
534 3898 655 3963 dieitur
682 3898 910 3974 Rendlesham,
942 3897 978 3961 id
1008 3902 1065 3973 eat,
1097 3896 1226 3959 Mansio
1251 3896 1404 3977 Rendili;
1436 3918 1505 3963 sua

455 4000 606 4086 cepitque
626 4023 701 4066 eum
719 4000 948 4067 ascendentem
966 4000 1007 4064 de
1030 3998 1120 4063 fonte
1139 4003 1251 4062 sancto
1266 3997 1505 4063 AEthelwoldus

321 4188 330 4199 .
454 4124 514 4167 rex
544 4104 645 4189 ipsius
669 4103 777 4189 gentis
808 4101 1027 4170 Orientalium
1051 4100 1243 4195 Anglorum‚
1273 4100 1375 4167 frater
1397 4100 1504 4169 Annae

454 4205 540 4299 regis
562 4202 774 4277 eorumdem.³

487 4581 495 4612 ¹
507 4577 615 4646 desiluit]
628 4576 742 4638 diniluit
754 4579 811 4631 Ms.
1037 4582 1047 4610 ²
1058 4578 1201 4656 coronidem]
1215 4582 1366 4642 earumdem
1377 4579 1434 4632 MS.

486 4661 497 4691 ¹
508 4656 591 4725 meo]
603 4665 694 4718 tamen,
705 4658 779 4719 Ms.;
796 4660 879 4720 tatem,
892 4659 953 4709 Bed.
