3542 5800
455 896 503 945 nc
524 898 638 947 ursus
661 898 781 949 ancus
804 898 987 947 assa-11.
1010 880 1060 951 37.
1230 882 1294 947 153

244 1234 493 1308 Commutato,
523 1242 567 1311 Ut
588 1242 633 1313 ic
655 1243 724 1313 loco
745 1244 1020 1334 decucurrisse
1035 1252 1080 1313 ert
1094 1268 1152 1313 rec
1169 1245 1294 1315 oaaz-
1307 1260 1369 1315 neu
1381 1262 1417 1317 iu
1429 1270 1452 1317 c.

309 1339 379 1406 dus
405 1342 521 1412 crebra
544 1345 741 1415 sanitatum
765 1346 942 1415 mimula
962 1348 1061 1437 factu
1078 1348 1227 1437 fuerint

288 1521 439 1601 QUAMA
465 1528 661 1595 sanctissimi
693 1532 780 1619 regis
816 1530 962 1597 oswaldi
996 1532 1078 1597 fides
1108 1532 1144 1597 in
1174 1530 1291 1610 Deum,
1307 1549 1424 1607 uineas
1437 1566 1464 1609 a

243 1644 318 1708 quse
342 1628 464 1695 mentis
488 1630 623 1699 devotio
649 1632 757 1711 firerit,
791 1634 893 1700 etiam
919 1638 993 1721 post
1021 1640 1163 1699 mortem
1188 1634 1293 1701 virtu·
1306 1616 1450 1741 Ἥξει

244 1731 316 1791 tum
338 1730 504 1798 miraculis
518 1734 645 1801 claruit
692 1734 845 1821 Namque
869 1736 906 1801 iu
932 1736 1002 1803 loco
1024 1736 1083 1801 ubi
1106 1758 1164 1823 pro
1187 1736 1295 1823 patria
1307 1754 1434 1807 salefelt

243 1828 401 1897 dimicans
422 1856 444 1899 a
457 1838 594 1923 paganis
616 1837 807 1904 interfectus
822 1844 880 1915 est,
898 1858 1001 1924 usque
1025 1837 1120 1903 hodie
1136 1838 1295 1903 sanitates

243 1930 447 2001 infirmorum
484 1943 518 2003 et
561 1938 732 2006 hominum
770 1947 804 2006 et
841 1960 994 2027 pecorum
1033 1939 1190 2008 celebrari
1226 1961 1293 2005 non

244 2032 407 2103 desinunt
465 2040 564 2107 Unde
608 2042 748 2129 contigit
788 2048 828 2109 ut
868 2042 1037 2129 pulverem
1074 2042 1190 2129 ipsum,
1235 2042 1293 2109 ubi

243 2156 359 2223 eorpus
386 2140 456 2207 eius
490 2143 526 2208 in
558 2150 681 2209 terram
707 2146 837 2223 corruit,
867 2144 964 2209 multi
989 2144 1173 2210 auferentes
1199 2150 1233 2211 et
1259 2144 1295 2211 iu

242 2261 365 2325 aquam
389 2242 570 2323 mittentes,
596 2247 664 2313 suis
690 2268 748 2333 per
771 2246 841 2313 haec
870 2246 1010 2312 infirmis
1037 2246 1178 2312 multum
1210 2268 1295 2313 ccm-

242 2344 332 2410 modi
355 2345 519 2414 afferrent
568 2348 635 2430 Qui
664 2349 818 2415 videlicet
840 2372 911 2415 mos
942 2348 1023 2415 adeo
1045 2348 1232 2427 increbruit,
1256 2356 1295 2415 ut

244 2448 403 2532 paulatim
427 2449 538 2516 ablata
563 2450 682 2517 exinde
707 2457 797 2517 terra
819 2450 939 2519 fossam
961 2452 1004 2516 ad
1026 2473 1212 2518 mensuram
1230 2458 1296 2517 sta-

243 2554 328 2615 turae
359 2551 464 2617 virilis
494 2552 596 2618 altam
625 2553 812 2619 reddiderit
858 2552 930 2619 Nec
953 2553 1139 2619 mirandum
1163 2552 1200 2618 in
1225 2552 1295 2621 loco

244 2652 360 2718 mortis
388 2653 478 2721 iliius
507 2655 654 2722 infirmos
683 2656 800 2733 sanari,
826 2654 884 2740 qui
914 2676 1040 2743 semper
1064 2656 1143 2721 dum
1166 2656 1296 2723 viveret

245 2755 385 2821 infirmis
426 2760 460 2823 et
500 2758 699 2845 pauperibus
736 2758 911 2835 consulere,
951 2758 1172 2845 eleemosynas
1210 2758 1294 2837 dure,

245 2880 340 2944 opem
370 2856 455 2925 ferre
483 2880 551 2926 non
581 2859 735 2927 cessabat
792 2858 838 2925 Et
867 2860 974 2926 multa
1002 2860 1134 2948 quidem
1161 2858 1197 2925 in
1226 2858 1297 2926 luco

245 2960 311 3040 illo,
335 2961 391 3026 vel
414 2961 456 3028 de
480 2961 617 3049 pulvere
636 2963 699 3029 loci
722 2962 819 3042 illius,
846 2961 934 3028 sacta
956 2961 1119 3027 virtutum
1141 2961 1298 3027 miracula

246 3068 446 3130 narrantur:
470 3065 528 3130 sed
550 3065 616 3131 duc
638 3087 698 3130 nos
720 3068 852 3130 tantum
874 3086 949 3151 quae
964 3085 985 3128 a
1005 3063 1182 3128 maioribus
1204 3062 1297 3128 audi-

247 3165 364 3244 vimus,
387 3165 508 3232 resena
529 3168 610 3232 satis
633 3165 796 3232 duximus

290 3269 369 3333 Non
395 3269 501 3334 multo
527 3273 602 3357 post
626 3268 885 3334 interfectionem
910 3267 980 3333 eius
1005 3271 1119 3332 exacto
1142 3271 1295 3354 tempore,

247 3371 386 3458 contigit
422 3374 463 3436 ut
499 3371 633 3458 quidam
672 3393 756 3458 equo
802 3371 918 3435 sedens
955 3369 1019 3435 iter
1056 3369 1152 3434 iuxta
1190 3369 1295 3435 locum

247 3479 358 3559 ageret
383 3472 498 3554 illum;
520 3475 613 3538 cuius
637 3495 741 3560 equus
767 3472 878 3538 subito
904 3471 1082 3551 lassescere,
1114 3473 1296 3550 consistere,

247 3581 345 3662 caput
368 3576 405 3639 in
430 3578 552 3640 terram
579 3575 748 3655 declinare,
769 3597 901 3662 spumas
926 3595 968 3640 ex
995 3597 1049 3640 ore
1072 3575 1246 3652 dimittere,
1264 3580 1298 3641 ct

247 3682 439 3765 augescente
461 3677 572 3743 dolore
594 3677 706 3755 nimio,
730 3677 767 3742 in
785 3681 909 3743 terram
931 3677 1032 3764 coepit
1055 3697 1156 3744 ruera
1203 3676 1298 3743 Desi-

247 3778 320 3846 luit¹
346 3801 452 3866 eques,
477 3783 511 3845 et
532 3778 690 3845 stramine
712 3779 893 3846 substrato⁸
915 3780 1016 3868 coepit
1043 3785 1215 3867 expectare
1241 3779 1298 3846 ho-

247 3903 326 3958 ram,
352 3905 419 3968 qua
441 3888 500 3948 aut
524 3881 732 3948 melicratum
758 3882 916 3968 reciperet
945 3883 1138 3960 iumentum,
1163 3886 1223 3947 aut
1249 3903 1298 3947 rs-

248 3985 412 4072 linqueret
436 3989 612 4051 mortuum.
658 3985 706 4049 At
729 3985 838 4071 ipsum
866 3983 924 4049 diu
950 3983 1045 4070 gravi
1068 3983 1176 4048 dolore
1199 4003 1299 4047 vexa-

249 4094 329 4164 tum,
347 4109 422 4152 cum
445 4087 590 4153 diversas
611 4086 648 4151 in
670 4093 779 4173 partas
801 4107 836 4151 se
857 4091 1036 4170 torqueret,
1051 4089 1185 4170 repente
1206 4084 1299 4149 volu-

249 4190 350 4255 tando
377 4189 511 4255 devenit
531 4188 614 4253 illud
638 4189 674 4253 in
696 4190 758 4254 loci
778 4189 837 4254 ubi
861 4209 921 4253 rex
943 4185 1115 4252 Oswuldus
1138 4186 1297 4253 occubuit.

250 4291 320 4359 Nec
340 4315 451 4358 mora:
476 4291 662 4377 quiescente
684 4291 794 4356 dolore
818 4290 965 4356 cessabat
986 4288 1029 4353 ab
1051 4289 1174 4354 insanis
1198 4311 1299 4355 mem-

247 4396 381 4459 brorum
410 4393 563 4472 motibus,
594 4400 628 4460 et
654 4399 808 4460 consueto
831 4414 989 4480 equorum
1016 4413 1105 4457 more
1125 4393 1217 4480 quasi
1242 4416 1300 4482 per

286 4709 414 4778 'datum
427 4711 545 4774 dsunt,
558 4709 615 4763 MS.
822 4713 957 4842 ’erubuisses
971 4711 1104 4780 absecto]
1118 4711 1223 4762 sanim
1239 4711 1298 4762 sub·

790 4797 877 4852 ῑηοῑο,
938 4827 945 4842 .
