3542 5800
473 885 539 951 300
739 896 805 950 rue.
827 899 874 950 ns
897 899 1029 952 creme.
1052 901 1142 953 sese
1165 899 1251 953 mss

471 1091 615 1153 vestram
639 1089 845 1176 reperientes,
868 1089 1088 1179 omnipotenti
1111 1089 1182 1156 Deo
1207 1089 1377 1156 referimus
1400 1093 1517 1176 grates,

470 1189 528 1274 qui
557 1196 703 1257 vestram
734 1193 1024 1279 prudentissimam
1053 1193 1283 1260 excellentiam
1308 1193 1345 1258 in
1367 1191 1519 1258 omnibus

469 1293 602 1357 ornavit
623 1315 662 1360 ac
683 1293 851 1360 decoravit
872 1317 951 1383 erga
973 1295 1108 1361 beatum
1139 1295 1274 1361 Petrum
1297 1295 1518 1382 apostolorum

469 1393 648 1482 prinoipem
670 1401 705 1462 et
725 1397 895 1463 nobiscum
930 1396 1048 1464 habere
1070 1398 1278 1464 dilectionem
1301 1402 1336 1462 et
1357 1398 1393 1462 in
1414 1395 1519 1462 omni-

468 1497 530 1562 bus
552 1499 737 1586 apostolicis
759 1500 930 1566 humiliter
952 1501 1134 1566 consentire
1156 1500 1309 1566 censuris.
1354 1499 1454 1565 Porro
1480 1499 1517 1562 in

468 1621 536 1665 nna
556 1621 599 1665 ex
621 1602 687 1668 illis
716 1603 861 1691 epistolis
891 1603 1078 1690 reperimus,
1103 1604 1245 1689 qualiter
1266 1602 1374 1690 gratia
1395 1607 1518 1667 nosrae

468 1703 652 1789 apostolioae
665 1703 850 1784 functionis,
868 1706 898 1771 si
919 1705 1017 1772 iuxta
1038 1706 1190 1785 fuissetis,
1206 1706 1351 1772 animam
1373 1711 1517 1771 vestram

467 1827 527 1893 pro
549 1807 644 1872 nobis
666 1809 855 1895 posuissetis
885 1809 1050 1897 benigne3
1081 1810 1182 1875 immo
1212 1814 1247 1874 et
1276 1814 1398 1874 nostrae
1429 1829 1518 1894 pros·

468 1909 603 1996 paritati
632 1911 775 1976 multum
803 1911 840 1976 in
870 1911 1014 1977 Domino
1045 1912 1285 1999 congaudeatis,
1317 1917 1352 1978 et
1384 1910 1516 1997 quando

466 2017 589 2078 nostrae
610 2013 804 2080 dulcissimae
828 2014 1064 2080 admonitionis
1085 2015 1207 2081 litterae
1230 2013 1274 2079 ad
1295 2020 1415 2086 vestrae
1436 2035 1517 2078 una·

466 2114 629 2180 nimitatis
650 2117 848 2202 perveniunt
869 2138 974 2198 aures,
998 2117 1186 2182 cumomni
1214 2116 1380 2183 suavitate
1410 2115 1516 2180 cordis

467 2222 501 2283 et
529 2219 650 2305 gaudio
680 2218 822 2305 spiritali
850 2221 944 2306 quasi
973 2219 1035 2285 filii
1064 2225 1239 2308 paternum
1269 2241 1388 2284 munus
1418 2219 1518 2284 susci-

467 2341 543 2406 pere
571 2320 731 2385 iatemini.
777 2320 961 2387 Fatebatur
990 2327 1025 2388 et
1054 2322 1124 2401 hoc,
1156 2323 1245 2408 quod
1275 2321 1515 2408 aliquantulam

468 2443 511 2487 ex
532 2428 643 2488 vestra
664 2423 822 2490 facadtate
844 2425 1108 2492 benedictionem
1129 2426 1225 2492 nobis
1247 2425 1358 2491 offerri
1380 2425 1516 2490 deman-

466 2524 577 2602 dastis
615 2524 652 2591 id
688 2531 747 2604 est,
785 2532 918 2593 centum
955 2526 1078 2614 viginti
1114 2528 1290 2606 manculas,
1328 2549 1409 2614 quas
1439 2549 1515 2592 crum

466 2648 575 2692 amore
597 2647 657 2716 pro
677 2627 797 2695 animae
826 2635 946 2696 restrae
975 2630 1082 2696 salute
1110 2630 1318 2718 suscepimus
1364 2629 1411 2696 Et
1432 2651 1517 2717 prae-

466 2728 573 2795 dietus
595 2729 851 2820 archiepiscopus
881 2753 956 2797 cum
986 2732 1081 2799 sociis
1103 2733 1171 2799 suis
1199 2732 1377 2800 honorifice
1399 2753 1438 2798 ac
1459 2733 1517 2798 be·

465 2831 565 2920 nigne
586 2853 608 2898 a
628 2833 723 2900 nobis
744 2839 913 2923 susceptus
942 2839 1001 2915 est,
1033 2840 1068 2903 et
1097 2835 1247 2903 adiuvari
1276 2857 1352 2903 eum
1382 2835 1417 2903 in
1447 2833 1516 2901 siris

465 2935 710 3004 necessitatibus
729 2936 870 3004 libenter
885 2936 1029 3005 fecimus.
1064 2938 1198 3005 Interea
1215 2939 1382 3007 eredentes
1396 2943 1515 3005 vestre

464 3038 727 3127 pmdentissimae
748 3039 959 3122 excellentiae,
989 3039 1048 3107 ubi
1077 3040 1244 3107 ferebatur
1272 3041 1309 3107 in
1338 3040 1417 3129 ipsis
1446 3041 1515 3107 tuis

464 3142 628 3229 regalibus
649 3142 805 3229 apicibus,
828 3143 918 3231 quod
939 3143 1061 3211 nostris
1083 3142 1270 3233 apostolicis
1291 3144 1514 3211 sanctionibus

465 3245 575 3310 nullus
612 3244 819 3312 Christianus
856 3251 972 3313 eontra
1008 3246 1057 3313 ire
1094 3248 1273 3334 praesumit,
1312 3246 1387 3315 ideo
1432 3247 1513 3313 totis

464 3347 590 3413 nisibus
611 3349 731 3414 nostris
760 3371 800 3415 ea
829 3371 905 3435 quae
933 3355 993 3415 tuo
1026 3370 1126 3437 regno
1160 3349 1342 3437 expediunt
1363 3350 1514 3416 emittere

464 3454 564 3535 atque
586 3450 763 3538 praedicare
792 3470 956 3529 conamur,
979 3457 1019 3519 ut
1048 3475 1088 3518 ea
1117 3474 1191 3541 quae
1225 3452 1321 3519 nobis
1357 3453 1513 3541 praelatus

464 3551 567 3617 buter
611 3559 724 3620 noster
766 3554 980 3621 AEthelardus
1025 3554 1291 3643 archiepiscopus,
1337 3578 1395 3622 seu
1438 3561 1512 3622 tota

463 3656 608 3743 synodus
629 3656 826 3745 evangelica
848 3664 950 3745 atque
978 3658 1163 3746 apostolice
1197 3658 1356 3725 doctr-ime
1385 3665 1512 3725 sancto

463 3776 601 3847 rumque
623 3764 756 3848 patmm
777 3782 905 3827 necnon
927 3761 1198 3848 praedecessorum
1220 3767 1406 3829 nostromm
1429 3782 1511 3849 pcn-

463 3863 589 3928 tificum
626 3864 782 3929 canoniea
818 3885 955 3929 censura
998 3864 1199 3952 praedicante
1245 3868 1366 3932 vestra
1402 3862 1513 3953 regali

463 3966 674 4045 excellentiae,
709 3988 766 4033 seu
799 3968 925 4034 cunctis
959 3966 1162 4054 principibus
1195 3968 1303 4055 gentis
1332 3972 1512 4035 vestras

462 4069 616 4136 universo
637 4069 757 4157 populo
775 4069 849 4149 Dei,
870 4069 1027 4147 edisserit,
1043 4092 1250 4157 nequaquam
1268 4071 1304 4137 in
1326 4071 1511 4137 orthodoxa

463 4193 576 4238 eorum
608 4172 758 4239 doctrina
790 4172 959 4260 quippiam
992 4172 1142 4239 resistere
1176 4173 1330 4251 debeatis,
1366 4172 1510 4241 Domino

462 4297 500 4339 ac
521 4274 740 4363 Redemptore
765 4280 878 4341 nostro
908 4275 944 4341 in
978 4275 1147 4363 evangelio
1172 4276 1309 4357 dicente,
1337 4276 1396 4343 ubi
1425 4277 1475 4341 ait
1485 4276 1508 4343 :¹

463 4376 551 4457 ‘Qui
572 4398 631 4443 vos
652 4377 777 4465 recipit,
800 4400 854 4443 me
874 4378 1012 4465 recipit:
1036 4382 1071 4444 et
1093 4377 1151 4466 qui
1179 4376 1294 4466 recipit
1315 4378 1509 4467 prophetam

462 4478 499 4544 iu
538 4478 672 4545 nomine
708 4480 886 4568 prophetoe,
930 4481 1111 4548 mercedem
1148 4482 1315 4570 propheta
1353 4480 1510 4569 accipiet'

825 4843 834 4879 ¹
846 4844 873 4899 S.
883 4844 957 4899 ma
969 4860 996 4899 x.
1008 4850 1050 4911 lo,
1061 4850 1102 4897 41.
