3542 5800
498 834 563 897 310
762 847 828 896 mc.
851 845 1054 896 cromano.
1077 847 1165 896 seso.
1188 845 1273 894 mss.

327 2117 454 2170 Askebert

327 2187 396 2236 leads

326 2253 433 2304 Kenelnr

496 1034 545 1096 fili
570 1034 617 1097 mi
640 1033 834 1111 dulcissime,
862 1033 928 1098 heu
950 1033 1085 1100 lactatio
1107 1039 1141 1100 et
1166 1034 1406 1100 nutrimentum
1431 1054 1543 1098 meum

496 1141 615 1200 suave!
645 1159 763 1223 ergone
785 1137 915 1203 insidiae
937 1139 1078 1216 tuorum,
1104 1159 1221 1224 ergone
1243 1138 1388 1226 maligna
1408 1135 1544 1203 consilia

496 1239 613 1304 sororis
636 1244 671 1304 et
693 1240 829 1306 nutricii
851 1241 903 1306 tui
923 1241 1150 1326 praevslebunt
1169 1242 1343 1307 advorsum
1365 1243 1423 1306 tel
1456 1239 1542 1315 Heu,

497 1365 597 1428 quam
620 1343 721 1408 timeo
747 1343 898 1409 arborem
922 1345 1013 1409 illam
1044 1345 1200 1410 succisam
1226 1344 1345 1410 indolis
1368 1349 1435 1410 tuae
1461 1365 1545 1428 prse-

497 1447 627 1532 signare
656 1447 823 1524 iacturam,
854 1470 929 1512 cum
959 1448 1064 1512 tribus
1094 1447 1242 1534 partibus
1272 1447 1366 1534 regni
1389 1444 1544 1512 subiectis

496 1552 625 1634 partem
641 1549 745 1636 [cum]
771 1571 879 1616 sorore
898 1550 1020 1616 habeas
1046 1551 1239 1616 adversam!
1285 1549 1409 1616 Verum
1432 1555 1545 1614 tamen

498 1652 534 1716 in
556 1653 693 1731 avicula,
710 1675 776 1739 qua
789 1653 986 1740 penetrabas
1001 1653 1135 1732 aethera,
1153 1653 1350 1739 intelligitur
1365 1673 1545 1718 ascensuum

497 1756 616 1821 animae
646 1762 714 1822 tuae
752 1755 884 1842 gloria’'
945 1755 1022 1821 Non
1060 1755 1130 1822 haeo
1167 1756 1335 1822 terrebant
1372 1755 1544 1830 infantem,

497 1859 583 1944 quia,
615 1862 655 1922 ut
677 1859 835 1946 seriptum
850 1857 923 1936 est,¹
949 1869 968 1896 “
985 1858 1050 1939 Qui
1076 1859 1226 1925 ambulat
1252 1859 1450 1945 simpliciter,
1477 1881 1546 1924 am-

497 1961 592 2026 bulat
615 1961 841 2028 confidenter.'’
891 1962 1038 2029 Tandem
1064 1961 1275 2040 Askebertus,
1308 1967 1347 2027 ut
1377 1963 1432 2027 ille
1462 1961 1547 2026 alter

499 2065 657 2143 Scarioth,
688 2066 836 2152 proditor
858 2065 984 2130 domini
1007 2066 1067 2143 sui,
1099 2072 1194 2152 rapta
1223 2065 1390 2131 occasione
1417 2064 1547 2129 sceleris

499 2168 694 2245 maturandi,
712 2169 910 2234 Kenelmum
925 2168 1059 2234 adducit
1081 2169 1118 2233 in
1140 2169 1256 2235 silvam
1271 2168 1378 2256 gratia
1392 2168 1545 2246 venandi,

326 2319 484 2374 mmawood.
498 2272 591 2356 quasi
615 2271 844 2337 oblectandum
870 2293 981 2338 amore
1003 2272 1106 2337 studii
1128 2273 1266 2360 paterni.
1312 2272 1374 2338 Ille
1396 2271 1547 2337 imitator

324 3300 452 3357 Kenelm’s

324 3372 459 3441 prophecy.

323 3866 435 3922 snmus

497 2373 633 2440 Domini
661 2375 722 2453 sui,
753 2380 793 2440 ut
822 2397 927 2462 agnus
958 2375 1074 2441 ductus
1108 2375 1150 2440 ad
1186 2377 1365 2452 victimam,
1397 2397 1546 2462 praesaga

495 2483 608 2543 mente
622 2482 793 2544 cruentum
807 2478 937 2544 hostem
952 2478 1174 2544 comitabatur
1193 2480 1237 2544 ad
1259 2501 1384 2544 coronae
1398 2479 1545 2565 gloriam.

496 2581 630 2669 Septem
654 2581 782 2647 circiter
805 2603 966 2648 annorum
992 2588 1072 2647 tunc
1097 2603 1179 2668 puer
1209 2582 1308 2648 fuisse
1339 2580 1544 2646 describitur.

496 2685 567 2750 Ubi
588 2706 666 2751 vero
692 2685 784 2752 silvae
807 2685 1124 2772 appropinquabant,
1148 2685 1288 2750 tenellus
1310 2685 1404 2773 pusio
1430 2707 1545 2751 somno

495 2793 723 2876 praegravante
759 2809 843 2876 equo
881 2788 1054 2866 delabitur,
1085 2787 1197 2873 ibique
1230 2788 1387 2854 recubans
1413 2809 1546 2854 securus

500 2891 661 2959 malorum
677 2897 770 2959 totus
785 2897 964 2980 soporatur.
1009 2890 1102 2957 Tunc
1117 2891 1361 2959 cruentissimus
1383 2891 1548 2959 nutricius

495 3019 554 3084 pro
584 2997 676 3062 cunis
706 3001 740 3062 et
764 2994 883 3061 lectulo
910 2994 1029 3061 fossam
1053 3000 1156 3082 parat,
1183 2996 1221 3061 in
1250 3018 1316 3083 qua
1346 3018 1420 3063 eum
1447 2996 1546 3063 citius
1639 3058 1644 3069 ,

496 3100 621 3165 obruat.
668 3099 790 3165 Verum
814 3097 873 3163 ubi
900 3120 981 3185 puer
1010 3099 1236 3185 expergiscens
1262 3099 1433 3166 consilium
1463 3122 1546 3187 pne

496 3204 590 3268 venit
612 3202 751 3282 lanistae,
778 3200 883 3266 fertm
906 3200 1096 3287 prophetica
1119 3206 1229 3267 mente
1253 3202 1447 3289 sapientiam
1473 3224 1548 3288 par-

496 3306 583 3370 vulis
598 3310 775 3392 praestante
791 3303 934 3369 Domino
955 3302 1097 3369 dixisse:
1134 3311 1150 3341 “
1162 3304 1300 3370 Frustra
1314 3304 1396 3370 hanc
1411 3304 1547 3372 molitus

495 3430 529 3474 es
553 3407 634 3473 mihi
658 3407 866 3495 speluncam:
902 3428 968 3472 non
994 3408 1083 3471 enim
1108 3406 1172 3485 hic,
1199 3414 1238 3473 ut
1260 3406 1392 3495 cogitas,
1417 3408 1473 3475 sed
1496 3430 1547 3475 re·

493 3510 625 3577 motiori
645 3512 724 3591 loco,
740 3510 796 3576 ubi
821 3510 912 3575 Deus
934 3508 1090 3596 providit,
1113 3511 1310 3577 occumbam.
1359 3510 1458 3577 Unde
1480 3513 1545 3577 tibi

493 3621 619 3680 certum
649 3613 744 3680 dabit
773 3614 903 3701 signum
929 3612 1000 3679 haec
1022 3612 1146 3700 virga’'
1169 3612 1262 3705 (nam
1287 3612 1416 3701 virgam
1441 3636 1545 3681 manu

492 3716 643 3804 gestabat
668 3722 703 3782 et
727 3722 826 3783 terras
852 3714 1028 3804 affixerat),
1057 3715 1119 3781 “si
1145 3716 1243 3782 modo
1273 3718 1425 3803 plantata
1455 3718 1546 3784 fron·

493 3818 598 3887 deat”
659 3818 744 3887 Haec
774 3841 812 3885 eo
845 3818 1083 3906 pronuntiante
1118 3818 1234 3884 statim
1271 3820 1419 3885 radicata
1448 3821 1546 3909 virga

492 3924 593 4014 coepit
614 3923 823 3989 frondescere.
870 3921 972 3988 Unde
994 3921 1102 3988 adhuc
1121 3922 1237 4009 ingens
1260 3922 1410 3989 basinus
1435 3930 1542 3991 osten·

492 4028 592 4107 ditur,
608 4050 681 4113 quae
696 4026 732 4092 in
746 4026 937 4091 memoriam
951 4025 1042 4090 beati
1066 4023 1221 4090 Kenelmi
1244 4024 1379 4091 celebris
1393 4025 1542 4093 habetun

493 4131 583 4196 Hinc
605 4130 802 4197 saevissimus
824 4128 969 4195 carnifex
992 4148 1161 4215 percussus
1184 4134 1218 4193 et
1241 4150 1320 4195 voce
1343 4130 1486 4196 veridica
1508 4138 1543 4197 at

492 4232 565 4298 dira
579 4233 778 4299 conscientia
799 4231 928 4318 longius
950 4252 1087 4318 puerum
1109 4230 1244 4297 abducit
1267 4232 1420 4299 obturata
1435 4234 1540 4301 fovea

492 4336 554 4400 Est
583 4336 745 4422 profunda
771 4334 867 4400 vallis
894 4335 981 4399 inter
1007 4334 1087 4399 duos
1113 4338 1242 4399 montes
1264 4334 1378 4401 abdita
1403 4336 1439 4400 in
1469 4336 1542 4422 ipsa

378 4464 385 4477 ·
492 4438 576 4504 silva
601 4438 741 4507 Clentho
765 4438 861 4504 dicta
916 4436 994 4503 Jam
1017 4435 1197 4504 haerentem
1219 4436 1347 4504 hostem
1363 4442 1397 4504 et
1413 4438 1545 4507 divense

492 4641 686 4651 -ffl——Q—-n
947 4643 1021 4650 ..-—·v=
1293 4640 1447 4649 anan—n...-
1463 4642 1524 4649 --··-·-

904 4768 912 4798 ¹
925 4766 1000 4821 Prov.
1012 4782 1037 4819 x.
1050 4770 1073 4821 9.
