3542 5800
483 903 532 954 ou
551 902 667 954 omum
688 899 809 956 nusum
830 905 1013 956 mon-11.
1038 891 1088 958 64.
1248 893 1313 959 293

266 1091 314 1156 sol
343 1091 421 1158 dum
451 1111 527 1159 snos
551 1091 659 1160 melios
680 1093 832 1174 retraxit,
862 1092 961 1159 huius
985 1089 1065 1160 vites
1095 1092 1201 1159 luoem
1231 1093 1313 1158 mihi

265 1192 467 1260 subtractum
496 1215 564 1262 esse
592 1195 747 1284 signavit
807 1195 987 1284 Sperabam
1021 1193 1191 1282 petitionis
1232 1215 1315 1262 mem

265 1296 386 1363 bonum
426 1297 609 1386 praestoluri
638 1305 803 1381 eventum,
833 1304 870 1366 et
895 1305 987 1366 eooel
1033 1299 1070 1364 in
1103 1297 1315 1387 compedibus

263 1398 342 1464 diris
364 1399 522 1488 meipsum
546 1401 715 1469 oonsidero
729 1399 905 1468 crudeliter
929 1401 1110 1468 astrictum.
1142 1399 1313 1488 Tanquam

263 1500 348 1567 latro
373 1525 411 1568 ao
436 1503 603 1590 praedstor
623 1503 761 1570 alieuius
783 1504 929 1591 peounim
953 1509 1090 1592 expecto
1114 1503 1313 1569 sententium

264 1602 484 1672 damnationis
508 1605 618 1672 meae.”
665 1605 756 1672 Dum
782 1605 853 1672 haeo
878 1611 914 1672 et
939 1605 1128 1672 huiusmodi
1146 1605 1243 1692 pluro
1261 1605 1314 1670 vir

264 1704 399 1772 Domini
442 1708 692 1790 intermisoeret,
729 1713 892 1796 tymnnns
928 1729 996 1774 non
1041 1707 1150 1774 ferens
1186 1707 1313 1773 diutius

262 1807 372 1874 vivero
386 1830 485 1895 quem
499 1810 602 1876 vellet
617 1811 684 1876 ism
710 1811 790 1878 olim
812 1810 848 1875 in
870 1815 977 1876 morte
1001 1809 1153 1886 dormire,
1180 1818 1197 1845 “
1214 1809 1311 1890 Quid,

261 1911 404 1976 ministri
425 1911 520 1993 mei,'’
541 1913 660 2001 inquit,
685 1913 920 2001 “expectetisl
942 1912 1023 2000 quid
1046 1934 1129 2000 opus
1151 1911 1312 1978 desidere·

261 2018 334 2079 tum
349 2035 416 2080 non
430 2015 638 2082 uooelemtis?
683 2015 807 2082 huuite
823 2015 980 2082 velociter
994 2017 1030 2081 in
1045 2036 1119 2081 eum
1142 2021 1177 2082 et
1199 2015 1311 2082 mude-

261 2115 337 2182 liter
373 2117 518 2205 perficite
554 2118 729 2207 imperium
765 2117 903 2186 meum.’'
965 2118 1049 2185 Oum
1080 2117 1150 2184 hmo
1179 2123 1311 2184 snuotus

260 2225 388 2307 mmtyr
401 2220 539 2300 audiret,
564 2221 683 2289 intimo
704 2221 811 2289 cordis
833 2221 952 2287 sli'eotu
975 2243 1049 2286 oum
1071 2243 1191 2308 magns
1213 2220 1311 2287 devo·

259 2322 350 2389 tione
371 2323 480 2390 oravit
500 2324 544 2389 sd
566 2323 683 2402 Deum,
707 2331 798 2392 etse
820 2330 899 2392 ento
921 2324 1085 2392 iustitium
1107 2323 1177 2390 eius
1199 2345 1310 2412 peone-

260 2430 364 2491 torem
386 2447 455 2492 esse
476 2427 630 2514 cognovit
652 2433 687 2494 et
717 2449 816 2494 reum.
878 2428 924 2494 Et
952 2425 1041 2515 quod
1067 2448 1122 2494 ore
1152 2429 1187 2492 et
1215 2425 1311 2492 lobiis

259 2528 367 2594 minus
399 2550 570 2616 personare
599 2529 717 2618 potuit,
750 2529 918 2598 defaeoatae
948 2529 1068 2596 mentis
1098 2551 1182 2618 pum
1202 2528 1311 2596 inten-

259 2629 348 2697 tione
370 2631 550 2720 supplevit.

349 3087 600 3160 Commumo.
651 3088 718 3157 Uti
739 3089 962 3159 mitilenus
983 3112 1007 3157 a
1030 3088 1219 3159 &eosdem

689 3192 887 3261 decolletur.

303 3395 516 3461 Accusamus
547 3394 715 3461 interdum
749 3393 963 3461 Gwinbertus
994 3392 1155 3461 diobolioo
1186 3393 1305 3481 spiritu
1317 3390 1451 3510 mit?

260 3498 470 3564 exnoerbotus
505 3504 542 3565 et
577 3498 728 3565 svnritiae
758 3497 892 3565 funibus
928 3504 1018 3565 totus
1054 3496 1304 3585 oiroumligstu,
1315 3528 1466 3581 mm

259 3620 332 3665 oum
354 3600 494 3667 furentis
516 3600 642 3667 sudoris
663 3601 792 3688 impetu
821 3600 858 3665 in
880 3606 1031 3667 sonetum
1053 3598 1119 3667 Doi
1140 3600 1247 3679 imuit,
1270 3604 1306 3667 et

258 3724 316 3767 mo
359 3703 464 3791 ipsius
499 3702 611 3791 glsdio
647 3702 823 3791 gloriosum
857 3708 956 3791 mput
993 3702 1185 3791 amputavit.
1239 3701 1306 3769 Sed

258 3804 448 3872 benedictus
479 3805 581 3883 Deus,
614 3806 674 3894 qui
703 3828 772 3873 non
793 3806 994 3892 derelinquit
1015 3811 1182 3893 sperantes
1204 3804 1240 3870 in
1262 3826 1306 3885 se,

256 3908 315 3993 qui
335 3908 372 3973 in
392 3908 516 3977 ssnotis
536 3908 605 3976 suis
629 3930 757 3997 semper
780 3912 832 3975 est
855 3908 1017 3975 mirabilis
1038 3913 1073 3975 et
1094 3908 1131 3974 in
1144 3907 1306 3973 universis

257 4011 408 4097 operibus
444 4012 513 4077 suis
549 4012 711 4099 glomosus
743 4016 844 4099 etque
877 4010 1060 4087 laudabilis,
1099 4008 1306 4075 innoeentem

256 4113 400 4179 enimam
415 4136 473 4202 per
494 4119 624 4181 sanctos
645 4114 777 4203 angelos
799 4137 875 4183 suos
901 4115 945 4181 ud
966 4112 1087 4202 gaudis
1108 4111 1306 4200 sempiterne

256 4217 419 4295 mbvexit,
436 4220 472 4284 et
492 4218 581 4284 inter
601 4218 791 4285 innoeentes
814 4218 1011 4285 innoeentiae
1034 4221 1125 4284 veste
1147 4215 1184 4281 in
1205 4236 1306 4302 regno

256 4318 413 4405 pmtexit.
458 4318 533 4386 'l'sli
555 4319 645 4385 enim
666 4320 765 4386 modo
786 4342 847 4389 rex
870 4325 906 4386 et
930 4324 1058 4405 martyr
1081 4316 1307 4385 AEthelbertus

254 4420 443 4489 innocenter
472 4422 638 4489 extinctus
668 4424 793 4510 eooepit
821 4444 974 4491 eoronam
1002 4422 1092 4500 vitm,
1126 4442 1225 4509 quem
1255 4442 1307 4487 rs·

255 4526 407 4612 promisit
427 4523 521 4592 Deus
542 4524 757 4614 diligentibus
779 4548 822 4593 se.
868 4524 943 4592 Hos
957 4526 1091 4593 tandem
1114 4523 1307 4593 detestabile

255 4628 379 4695 factum
408 4648 484 4695 oum
512 4629 556 4694 sd
585 4628 822 4695 commilitones
856 4628 954 4695 oooisi
983 4629 1069 4715 regis
1093 4627 1303 4716 pervenisset,

254 4738 334 4798 ente
377 4731 482 4798 luoem
511 4735 712 4799 neeesserunt
740 4728 783 4797 ob
813 4731 896 4811 suls,
932 4752 975 4798 ne
1005 4730 1046 4797 do
1086 4731 1165 4820 ipsis
1194 4728 1306 4797 simile

254 4834 412 4901 iudicium
433 4836 531 4903 lieret
551 4839 742 4902 metuentes
788 4832 865 4901 offa
887 4855 1017 4923 quoque
1032 4854 1091 4901 rex
1114 4832 1308 4901 Memiorum
