3542 5800
427 899 474 948 nr
494 899 608 962 amris
630 897 750 951 sucum
772 880 1024 956 ηομ-4111,
1043 881 1092 944 42.
1221 878 1280 950 171

655 1285 732 1348 Cur.
758 1283 865 1350 XLII.

242 1440 285 1508 Ut
311 1439 497 1528 prouincia
524 1437 733 1504 Merciorscm
763 1437 824 1503 aab
849 1459 922 1524 repe
945 1437 1063 1507 Pacato
1087 1435 1454 1504 directore-cnsasrsr.

681 1542 714 1606 ei
715 1541 848 1626 t.fociu

282 1695 351 1762 Hm
374 1699 577 1814 temporibus
598 1719 679 1784 gens
705 1697 903 1762 Marciorum
918 1695 981 1761 sub
1004 1695 1150 1782 principe
1168 1695 1285 1774 Pecdc,
1300 1706 1368 1758 Am
1382 1713 1438 1758 sec

236 1800 306 1864 filio
336 1799 458 1865 Pendse
483 1801 578 1886 regis,
609 1799 708 1864 fidem
738 1805 772 1863 et
801 1804 1005 1864 sacramenia
1035 1797 1168 1862 veritat
1159 1819 1187 1862 rs
1216 1817 1289 1884 per-
1276 1775 1431 1904 -lgffi
1384 1791 1449 1836 ⁸⁰¹¹

238 1903 331 1988 cepit.
379 1901 497 1967 Dictus
519 1905 630 1966 autem
646 1898 760 1966 Peada
780 1923 854 1966 cum
877 1901 992 1966 esset'
983 1901 1111 1965 iuvenis
1135 1901 1329 2024 optimus,M
1300 1907 1346 1956 kin
1329 1909 1405 1988 ugos

238 2027 276 2068 ae
297 2005 384 2090 regis
406 2005 537 2068 nomine
559 2008 594 2069 et
615 2025 753 2089 persona
776 2003 994 2090 dignissimus,
1017 2003 1174 2088 praelatus
1196 2007 1247 2068 est
1268 1974 1329 2068 cM
1301 1989 1396 2090 ⁸„in
1390 2011 1421 2090 gs

238 2113 332 2193 patre
364 2129 466 2192 regno
498 2109 607 2193 gentis
640 2107 750 2187 illius3
789 2105 946 2190 venitque
984 2106 1026 2170 ad
1059 2127 1170 2192 regem
1204 2105 1289 2169 Nor·
1302 2107 1342 2156 A
1343 2107 1433 2170 kflsu·

239 2208 468 2274 thumbrorum
506 2209 605 2284 Oswi,
644 2159 814 2296 postulans
851 2209 955 2272 filiam
993 2208 1062 2273 eius
1096 2207 1288 2274 Aekfledam
1301 2175 1423 2293 {meir

238 2311 302 2375 sibi
324 2311 495 2396 coniugem
517 2311 596 2376 dari.
652 2309 770 2396 Neque
801 2311 898 2376 aliter
924 2310 1012 2396 quod
1034 2311 1198 2397 petebat
1190 2331 1290 2398 impe-

239 2418 327 2478 trare
349 2413 467 2498 potuit,
489 2413 553 2478 nisi
575 2413 674 2478 fidem
699 2412 823 2480 Christi
846 2435 883 2478 cc
906 2412 1077 2500 baptisma,
1102 2435 1174 2480 eum
1192 2417 1290 2502 genle

240 2517 292 2579 cui
329 2519 477 2600 praeerat,
517 2516 687 2602 acciperet.
744 2517 792 2582 At
825 2515 881 2580 ille
916 2516 1029 2584 auditu
1060 2517 1290 2602 predicatione

238 2617 392 2682 veritatis
423 2623 458 2681 et
488 2617 701 2702 promissione
731 2618 825 2704 regni
862 2619 1003 2684 eoelestis
1034 2639 1155 2704 speque
1185 2639 1290 2682 resur-

239 2720 393 2786 rectionis
414 2741 452 2786 ae
473 2719 595 2788 futurae
616 2720 883 2795 immortalitatis,
912 2721 1051 2788 libenter
1074 2741 1108 2786 se
1133 2719 1292 2790 Christia-

241 2843 320 2888 num
343 2821 416 2886 fieri
445 2821 530 2886 velle
560 2821 724 2886 confessus
754 2827 811 2901 est,
844 2823 946 2889 etiem
973 2823 1001 2894 si
1031 2823 1195 2911 virginem
1224 2845 1290 2891 non

241 2926 420 3011 acciperet:
452 2945 624 3011 persuasus
654 2927 799 2993 maxime
820 2927 863 2991 ad
885 2926 1126 3013 percipiendum
1150 2926 1292 2991 iidemu

241 3027 309 3094 filio
331 3027 418 3113 regis
441 3026 539 3105 oswi,
563 3028 696 3096 nomine
712 3028 875 3107 Alhfrido,
899 3029 1050 3113 quierat
1076 3031 1233 3114 cognatus
1258 3034 1292 3093 et

242 3131 366 3201 amicus
388 3131 466 3206 eius,
494 3129 619 3198 habens
641 3152 783 3197 sororem
806 3131 908 3217 ipsius
932 3130 1112 3215 coniugem,
1135 3129 1292 3197 vocabulo

244 3230 491 3319 Kineburgam)
515 3233 618 3299 filiam
641 3233 763 3299 Peudae
784 3234 878 3320 regis

287 3336 483 3423 Baptizatus
504 3340 555 3401 est
577 3357 655 3421 ergo
677 3358 697 3404 a
718 3336 845 3401 Fiuauc
868 3335 1026 3423 episcopo,
1050 3356 1124 3403 oum
1143 3334 1293 3401 omnibus
1306 3358 1423 3415 Pausa

242 3440 299 3525 qui
329 3459 440 3505 secum
470 3442 631 3503 venerant
659 3438 760 3505 comit
745 3438 835 3505 tibus
865 3460 904 3503 co
932 3436 1095 3505 militibus
1118 3424 1460 3543 eorumquelll‘l‘i‘lll

243 3540 374 3609 famulis
398 3540 566 3615 universis,
592 3539 627 3603 in
649 3540 723 3603 vieo
745 3541 831 3627 regis
853 3540 974 3609 illustri
1002 3542 1059 3625 qui
1082 3548 1217 3610 vocatur
1239 3542 1319 3609 Ad
1306 3491 1396 3547 m

245 3644 388 3711 Murum.
436 3642 482 3709 Et
504 3641 644 3731 acceptis
669 3647 827 3727 quattuor
853 3644 1059 3729 presbyteris,
1087 3646 1145 3729 qui
1170 3646 1213 3711 ed
1240 3646 1295 3711 do

244 3747 381 3816 cendam
403 3744 700 3831 baptizandamque
722 3749 854 3831 gentem
880 3746 969 3813 illius
991 3751 1026 3811 et
1052 3746 1237 3813 eruditione
1261 3754 1296 3813 et

243 3849 315 3914 vita
336 3846 537 3913 videbantur
559 3844 677 3921 idonei,
703 3847 807 3911 multo
829 3869 904 3913 eum
926 3848 1046 3935 gaudio
1068 3869 1216 3915 reversus
1238 3854 1294 3913 est

244 3950 352 4017 Erant
385 3953 496 4015 autem
533 3947 717 4036 presbyteri
752 3949 830 4029 (led,
864 3954 899 4017 et
926 3950 1031 4027 Adde,
1064 3956 1099 4015 et
1122 3950 1229 4027 Betis,
1262 3954 1296 4015 et

245 4052 377 4126 Diuma,
398 4072 536 4137 quorum
559 4050 697 4118 ultimus
718 4052 853 4117 natione
875 4052 1016 4128 Scottus,
1042 4051 1140 4117 ceteri
1162 4052 1296 4117 iirerunt

245 4154 285 4219 de
308 4152 434 4242 Angl’rs
492 4152 670 4219 Venientes
701 4175 779 4241 ergo
809 4156 844 4219 in
874 4153 1076 4241 provinciam
1101 4152 1295 4219 Marciorum

246 4256 419 4320 memorati
441 4255 625 4321 sacerdotes
648 4277 722 4321 eum
745 4256 899 4343 principe,
921 4254 1143 4343 praedicebant
1158 4256 1296 4324 verbum

248 4356 318 4432 Dei,
343 4363 378 4421 et
401 4356 542 4421 libenter
562 4356 669 4423 auditi
691 4363 779 4437 sunt,
801 4358 961 4443 multique
988 4356 1107 4423 cotidie
1139 4362 1173 4425 et
1203 4358 1297 4426 nobi-

247 4458 328 4524 lium
353 4465 388 4525 et
414 4460 627 4537 infirmorum,
651 4459 884 4528 abrenuntiata
910 4459 1003 4525 sorde
1026 4459 1195 4538 idoleirise,
1219 4460 1297 4528 fidei

248 4569 325 4628 sunt
347 4561 439 4627 fonte
461 4560 575 4629 abluti

251 4722 587 4734 w·---·›-—›
613 4725 622 4731 ·
661 4724 722 4737 -1--1
795 4724 802 4728 -
839 4724 908 4731 --—
962 4726 1007 4731 ---
1048 4725 1298 4741 --—....,...—-

550 4816 558 4847 ¹
575 4814 757 4883 Kiueburqom]
777 4814 932 4881 Kineburga,
947 4814 1003 4867 MS,
