3542 5800
458 925 505 974 nr
526 925 640 975 arans
661 924 782 976 neuun
803 925 987 974 assu-11.
1012 913 1062 974 to.
1234 911 1295 976 165

244 1397 499 1470 connumera
564 1397 614 1464 Dc
650 1396 850 1464 inventione
888 1395 1000 1464 soracti
1035 1395 1171 1464 Oseoini
1204 1396 1399 1484 tentemus.

655 1506 685 1566 et
706 1498 883 1586 martyris.
1309 1481 1415 1536 Μ’·

1309 1621 1379 1676 na
1396 1587 1462 1684 a.

287 1660 341 1724 Ar·
362 1683 440 1726 vero
466 1667 541 1748 post
566 1661 745 1726 multorum
771 1683 932 1726 annorum
956 1661 1122 1736 curricula
1139 1664 1296 1748 regnante
1310 1681 1400 1734 wana

242 1761 278 1826 in
291 1763 416 1848 Anglia
442 1762 718 1828 christianissimo
742 1787 780 1829 ao
805 1765 1008 1830 sanctissimo
1032 1785 1107 1850 rege
1132 1761 1296 1826 Eduardo
1309 1754 1430 1868 {ngb

242 1863 448 1928 AEtheldredi
471 1862 653 1951 Anglorum
675 1865 761 1952 regis
783 1865 860 1942 filio,
876 1865 1030 1930 videlicet
1052 1885 1138 1930 anno
1162 1863 1297 1928 Domini

242 1966 415 2031 millesimo
445 1966 645 2054 sexagesimo
675 1969 799 2052 quinto,
830 1967 968 2032 inventa
997 1971 1075 2033 sunt
1107 1989 1178 2032 ossa
1206 1987 1377 2040 sanc-AD.
1392 1995 1464 2042 roes.

242 2069 369 2133 tissima
399 2068 488 2132 beati
524 2067 651 2133 Oswini
680 2069 927 2157 praeclarissimi,
959 2069 1043 2134 sicut
1078 2067 1114 2132 in
1151 2073 1297 2134 tractatu
1308 2053 1456 2176 ffffiffi

243 2169 283 2234 de
307 2169 377 2234 eius
401 2171 549 2257 passione
576 2176 704 2236 constat
725 2171 873 2258 superius
897 2172 1080 2236 luculenter
1100 2191 1297 2259 expressum.
1308 2189 1393 2242 bona.

243 2272 369 2358 (lorpus
406 2273 508 2360 ipsius
545 2273 588 2338 ad
625 2274 859 2338 monasterium
895 2273 1000 2340 beatae
1033 2273 1095 2338 Dei
1124 2273 1297 2360 genetricis

244 2373 368 2450 llariae,
400 2374 436 2437 in
466 2377 550 2440 ostio
580 2374 684 2460 Tynae
710 2375 855 2441 fluminis
884 2377 927 2440 ad
957 2375 1156 2462 Aquilonem
1186 2377 1295 2452 situm,

243 2477 390 2540 ‹lelatum
411 2483 470 2554 est,
486 2477 571 2541 etin
586 2498 624 2541 eo
638 2477 729 2564 regio
751 2499 841 2543 more
862 2477 1034 2567 sepultum.
1081 2477 1150 2544 Ubi
1165 2485 1298 2566 propter
1309 2505 1421 2572 Populus

244 2578 474 2643 miraculorum
504 2578 573 2642 eius
601 2578 819 2664 frequentiam
849 2601 908 2666 per
936 2579 1109 2646 mamere
1135 2574 1454 2646 annorummffllffl

243 2680 405 2745 curricula
434 2701 455 2744 a
483 2680 604 2766 populo
641 2681 783 2768 regionis
819 2681 908 2748 locus
937 2682 1112 2770 sepulturae
1143 2683 1231 2748 illius
1261 2639 1465 2748 inmmb‘

245 2787 340 2847 tmta
368 2783 555 2847 reverentia
585 2787 635 2846 est
665 2781 805 2862 habitus,
835 2789 876 2849 ut
906 2807 1015 2872 regem
1045 2807 1144 2872 penes
1170 2807 1224 2850 eos
1250 2807 1298 2851 se-

244 2885 375 2972 pultum
413 2884 582 2949 dominum
612 2889 647 2951 et
676 2889 803 2971 patrem
833 2886 868 2952 in
898 2887 1001 2964 terris,
1034 2893 1068 2953 et
1098 2887 1297 2955 defensorem

243 2990 437 3073 reputarent
460 2986 495 3051 in
515 2986 613 3051 coelis.
660 2986 759 3053 Unde
782 3011 932 3074 processu
955 2990 1111 3075 temporis
1135 2989 1178 3053 ad
1198 2990 1299 3054 maio-

244 3111 313 3153 rem
343 3088 499 3175 martyris
527 3088 666 3175 gloriam
696 3088 839 3176 virginee
877 3090 1138 3155 sanctimoniales
1164 3089 1205 3154 de
1235 3112 1299 3157 ooe-

245 3190 344 3256 nobio
360 3194 482 3255 sanetae
506 3189 618 3257 Hildae
639 3190 813 3256 abbatissae
827 3192 870 3257 ad
885 3214 1001 3277 corpus
1017 3192 1086 3257 eius
1101 3191 1297 3260 introductae

245 3314 348 3378 usque
378 3292 422 3357 ad
453 3292 711 3377 persecutionem
749 3293 917 3371 Danieam,
949 3294 1039 3359 rabie
1078 3294 1233 3382 Hinguar
1263 3300 1407 3375 etlinun

246 3393 381 3459 Hubbae
418 3394 556 3458 fratrum
605 3394 791 3471 excitatam,
831 3396 867 3459 in
905 3396 1037 3461 eeclesia
1077 3396 1184 3463 bestae
1232 3398 1296 3463 Dei
1310 3406 1425 3471 ΗΘΜ·

245 3495 419 3583 genetricis
442 3496 478 3559 in
504 3518 654 3583 supremo
678 3496 845 3583 religionis
871 3497 1013 3564 culmine
1039 3466 1370 3587 permanserunt.tlotL

246 3598 288 3662 In
325 3598 387 3662 hac
424 3618 553 3683 quoque
590 3598 824 3683 persecutionis
865 3600 956 3664 rabie
994 3602 1178 3667 coenobium
1216 3602 1298 3667 illud

245 3699 390 3765 ereditur
426 3721 500 3765 cum
549 3700 665 3764 ceteris
710 3700 854 3787 regionis
901 3702 1057 3768 coenobiis
1095 3704 1296 3783 demolitum,

246 3803 345 3867 saeris
382 3800 566 3889 virginibus
603 3824 662 3887 per
697 3804 896 3889 martyrium
933 3805 976 3869 ad
1014 3805 1160 3871 coelestia
1196 3828 1298 3892 regna

246 3903 420 3969 translatis
466 3901 546 3967 Post
574 3902 644 3969 haec
673 3908 785 3968 autem
822 3926 882 3992 per
918 3907 1024 3971 multa
1060 3911 1207 3992 tempora
1236 3908 1297 3972 sub

247 4010 408 4093 potestate
440 4005 611 4070 Danomm
647 4004 829 4071 infidelium
866 4008 1000 4095 regione
1037 4008 1094 4073 illa
1132 4009 1295 4087 devoluta,

246 4108 351 4174 sancti
379 4105 552 4193 martyris¹
583 4110 739 4174 memoria
767 4110 899 4197 penitus
925 4134 945 4176 a
971 4111 1137 4176 mentibus
1166 4112 1299 4199 provin-

245 4211 378 4277 cialium
400 4213 451 4275 est
473 4209 588 4274 deleta
634 4210 780 4277 Tandem
800 4212 960 4299 perstatim
978 4212 1136 4279 redeunte
1150 4213 1297 4281 fidelium

245 4312 421 4379 devotione
456 4316 490 4377 et
526 4311 604 4377 fidei
641 4318 802 4380 crescente
838 4314 991 4401 puritate,
1032 4317 1200 4403 episcopus
1237 4318 1299 4385 loci

244 4416 280 4480 in
303 4413 437 4480 ecclesia
457 4412 521 4479 Dei
545 4414 718 4501 genetricis
740 4416 949 4501 presbyteros
976 4417 1095 4483 statuit
1110 4423 1144 4484 et
1159 4420 1297 4500 clericos,

246 4519 302 4605 qui
339 4515 595 4604 provincialibus
632 4516 836 4604 parochianis
874 4520 989 4584 divina
1025 4523 1182 4607 mysteria
1218 4522 1323 4590 oela'

580 4854 586 4885 ¹
601 4853 727 4919 tmrrtyris]
741 4852 861 4914 uranius,
873 4853 929 4904 MS.
