3542 5800
468 906 514 953 na
536 902 651 953 ursms
674 902 795 953 anuum
817 902 998 953 laen-11.
1023 886 1074 955 70.
1233 886 1295 949 341

255 1076 449 1143 Edmundus
486 1098 554 1143 non
592 1100 626 1143 se
664 1078 784 1144 subdet
821 1099 949 1166 pagano
986 1078 1070 1154 duci,
1111 1076 1175 1141 nisi
1208 1075 1301 1165 prius

255 1179 388 1245 effectus
418 1180 517 1247 fuerit
547 1204 677 1269 compos
706 1186 827 1249 nostrae
864 1181 1043 1269 religionis,
1075 1180 1202 1245 malens
1231 1200 1300 1244 esse

254 1282 391 1369 signifer
412 1282 449 1347 in
471 1284 587 1349 caetris
608 1284 725 1351 aterni
749 1282 876 1371 Regis?

284 1704 535 1773 ΟοΝΤΙΝυΑτΙο.
582 1708 635 1771 De
653 1704 776 1793 proelio
798 1704 891 1771 inter
912 1726 1023 1792 repeat
1044 1704 1276 1771 Edaouadaor
1311 1710 1466 1777 Ros-Weid-

557 1816 587 1875 et
609 1808 783 1895 Hinpwor
805 1808 988 1875 commisso.
1310 1784 1408 1896 &4⁰³

1311 1910 1416 1963 Wettm.

300 1992 511 2061 Rncnnnreru
533 1994 645 2083 itaque
667 1994 786 2062 nuntio
809 1995 997 2062 truculento
1019 2018 1079 2061 rex
1101 1984 1399 2062 Edmundusrffl

251 2096 347 2163 iussit
361 2098 598 2165 commilitones
613 2099 656 2165 ad
678 2120 770 2165 arma
792 2098 974 2179 convolare,
991 2120 1137 2165 asserens
1159 2098 1297 2185 dignum
1310 2061 1466 2181 ffliff

252 2221 311 2286 pro
345 2200 410 2266 fide
446 2202 570 2289 pariter
607 2200 772 2291 pugnare¹
814 2208 849 2269 et
886 2203 1001 2289 patria,
1040 2224 1082 2269 ne
1118 2202 1299 2267 desertores
1310 2195 1422 2248 betvoen

253 2303 381 2371 militiae
407 2326 442 2370 se
465 2328 535 2371 esse
562 2310 596 2371 et
626 2304 874 2393 depopulatores
905 2306 1130 2394 probarentur.
1187 2304 1299 2391 Igitur
1310 2262 1430 2380 Euporo

253 2406 297 2471 ad
319 2407 513 2474 instantiam
537 2408 716 2475 Humberti
739 2408 882 2497 episcopi
905 2433 944 2475 ac
964 2410 1128 2475 nobilium
1150 2408 1299 2475 virorum
1311 2395 1443 2465 {lingum

252 2510 417 2576 animatus
439 2511 647 2577 beatissimus
670 2532 728 2577 rex
752 2512 949 2579 Edmundus
964 2535 1038 2579 eum
1065 2518 1137 2580 toto
1152 2512 1300 2579 exercitu

252 2633 349 2699 quem
372 2612 493 2679 habere
515 2614 626 2701 potuit
641 2614 796 2681 audacter
811 2616 969 2701 prooessit
983 2616 1020 2681 in
1041 2616 1152 2683 hostes
1174 2621 1209 2681 et
1230 2637 1299 2681 non

249 2713 346 2801 longe
369 2716 412 2781 ab
434 2716 515 2782 urbe
538 2738 612 2803 quae
634 2716 821 2783 Thetlord²
839 2718 1026 2806 appellatur
1046 2724 1161 2785 contra
1182 2718 1299 2785 adver-

252 2818 353 2884 sarios
380 2818 445 2885 eibi
482 2819 518 2883 in
548 2819 680 2887 obviam
715 2821 887 2887 venientes
907 2886 910 2890 ,
922 2812 1035 2909 grave
1056 2826 1223 2888 certamen
1260 2844 1299 2887 ac

252 2920 351 2987 nimis
376 2922 551 3008 utrobique
576 2923 769 2989 damnosum
797 2924 969 2990 commisit
1026 2923 1156 3011 Nempe
1180 2945 1255 2990 cum
1279 2947 1301 2989 a

252 3045 349 3090 mane
372 3024 438 3091 diei
464 3027 632 3112 usquead
659 3047 829 3114 vesperam
854 3033 972 3092 mutua
995 3047 1030 3092 se
1053 3047 1132 3092 nece
1155 3031 1300 3115 prostra-

251 3125 388 3210 vissent,
419 3133 453 3194 et
483 3149 542 3214 pro
580 3129 684 3194 nimiu
721 3129 969 3195 interfectorum
1009 3129 1224 3195 multitudiue
1261 3151 1300 3196 ac

252 3230 412 3318 sanguine
449 3231 521 3296 loca
567 3231 755 3298 certaminis
797 3231 998 3311 rubuissent,
1035 3231 1201 3320 piissimus
1239 3254 1299 3296 rex

253 3329 450 3398 Edmundus
472 3355 540 3398 non
561 3334 666 3400 solum
686 3357 728 3401 ex
743 3340 852 3423 strage
875 3334 1135 3401 commilitonum
1155 3356 1297 3414 auorum,

251 3456 311 3522 pro
337 3436 456 3524 patria,
482 3441 589 3523 gente,
622 3443 656 3503 et
682 3436 748 3502 fide
777 3437 860 3504 Jesu
891 3437 1019 3504 Christi
1048 3438 1299 3518 decertantium,

251 3559 333 3624 quos
347 3539 415 3604 iam
430 3539 590 3626 martyrio
612 3545 782 3607 coronatos
804 3542 950 3630 agnovit,
967 3541 1169 3619 condolebat,
1185 3563 1300 3607 verum

251 3641 353 3706 etiam
367 3663 427 3729 pro
442 3664 519 3708 nece
534 3640 712 3708 barborum
727 3643 914 3710 infidelium
936 3643 979 3708 ad
993 3643 1114 3709 inferni
1130 3645 1301 3710 buretrum

251 3741 457 3812 detruserum
480 3746 578 3812 nimis
601 3769 711 3813 amare
733 3745 876 3834 lugebat.
923 3746 1164 3812 Recedentibus
1187 3747 1300 3832 itaque

251 3848 405 3934 primitus
432 3849 473 3914 de
496 3849 567 3916 loeo
591 3849 713 3914 funeris
743 3850 879 3938 paganis
905 3845 1115 3914 beatissimus
1141 3847 1300 3915 confessor

253 3945 389 4032 Christi,
425 3973 485 4019 rex
518 3949 722 4033 Edmundus,
753 3974 826 4018 cum
858 3951 1008 4037 reliquiis
1039 3951 1300 4016 commilitonum

252 4073 396 4137 suorum,
421 4051 478 4142 qui
503 4056 695 4144 superstites
719 4061 821 4134 erant,
847 4056 891 4121 ad
915 4053 1156 4121 Hailesdunam
1185 4054 1300 4118 villam

251 4158 377 4244 regiam
409 4157 572 4244 profectus
611 4157 867 4224 immutabiliter
890 4159 1013 4224 statuit
1038 4159 1073 4222 in
1106 4157 1217 4222 animo
1240 4179 1300 4222 suo

250 4281 285 4326 ee
316 4279 488 4346 nunquam
512 4261 553 4326 de
586 4267 693 4328 cetero
731 4265 846 4329 contra
871 4260 1029 4327 barbaros
1064 4265 1298 4348 pugnaturum,

250 4361 311 4429 sed
332 4363 395 4429 hoc
409 4365 616 4430 solummodo
632 4365 721 4432 dixit
737 4364 801 4430 sibi
816 4364 884 4431 fore
909 4363 1134 4444 necessarium,
1150 4368 1190 4428 ut
1212 4364 1301 4431 eolus

251 4471 437 4534 moreretur
458 4489 517 4555 pro
539 4468 658 4556 populo
681 4473 716 4534 et
738 4490 805 4534 non
829 4471 902 4533 tota
923 4488 1005 4553 gens
1027 4467 1156 4553 periret

552 4688 604 4692 .--.
618 4687 661 4694 ---
673 4686 929 4694 ——-—.-—.--—.-.-
948 4686 993 4691 -.—
1057 4683 1297 4691 --—-.—-.---

285 4809 425 4879 uvam]
438 4809 548 4877 riguae
559 4807 615 4862 MS·
762 4807 767 4876 ι
816 4807 971 4874 mersas]
985 4806 1103 4868 maora
1111 4807 1167 4864 ne.
