3542 5800
437 851 502 917 324
698 862 765 917 nm.
790 864 838 915 ns
861 864 997 915 omaso.
1020 862 1110 913 arao.
1133 860 1220 913 rusa

268 1078 340 1129 wip,
442 1040 572 1108 Piratae
594 1062 673 1108 vero
696 1040 869 1108 Danorum
896 1064 955 1129 per
979 1046 1086 1107 totam
1110 1040 1253 1107 insulam
1275 1042 1435 1126 vagantes
1457 1040 1493 1105 et

269 1146 401 1263 dlaidsaeb'
442 1144 621 1231 inopinatis
647 1146 895 1231 appulsionibus
924 1145 1039 1210 littora
1062 1144 1174 1209 omnia
1197 1142 1399 1223 infestantes,
1424 1163 1493 1207 non

144 1328 150 1345 .
271 1294 294 1342 p,
310 1284 365 1329 150,
442 1248 541 1313 semel
560 1269 619 1335 per
645 1268 679 1313 se
702 1252 736 1313 et
764 1248 860 1314 duces
885 1270 961 1314 suos
983 1246 1156 1325 contudit;
1195 1244 1355 1331 quamvis,
1379 1250 1419 1310 ut
1440 1250 1491 1310 est

443 1350 578 1417 fortuna
600 1350 767 1430 bellormn,
793 1350 862 1437 ipse
887 1352 923 1416 in
948 1351 1070 1416 eisdem
1095 1348 1282 1435 frequentas
1297 1352 1332 1413 et
1347 1348 1490 1433 insignes

442 1452 646 1518 calamitates
672 1454 838 1539 acciperet,
865 1450 1041 1519 Londonia
1068 1457 1104 1519 et
1128 1453 1218 1518 omni
1240 1472 1334 1538 paene
1365 1450 1492 1517 Kantia
1575 1529 1577 1532 Ι

442 1560 583 1633 vastata,
601 1555 782 1623 obsistebat
798 1559 909 1620 tamen
930 1576 1058 1641 semper
1077 1554 1233 1622 aerumnis
1248 1553 1491 1619 consiliatorum

441 1658 526 1745 regis
548 1657 716 1735 vivacitas,
741 1658 798 1745 qui
820 1657 905 1723 nibil
928 1680 1085 1743 umquam
1110 1657 1221 1723 hostes
1244 1657 1368 1743 inpune
1390 1656 1494 1721 delin-

442 1781 542 1846 quere
572 1765 772 1847 paterentur,
801 1760 882 1846 quin
905 1760 1071 1825 communi
1096 1759 1238 1824 umbone
1258 1760 1293 1824 in
1320 1781 1375 1824 eos
1397 1758 1494 1823 ulcis·

272 1874 419 1925 Incursions
443 1866 600 1929 cerentur.
648 1863 806 1928 Habebat
821 1862 910 1929 enim
933 1863 1014 1929 duos
1037 1884 1096 1927 suo
1110 1866 1258 1948 tempore
1273 1861 1494 1949 praecellentes

272 1941 367 2059 fflg·
442 1964 765 2054 praelatatum
792 1961 1091 2031 sarantasmum
1118 1965 1309 2041 wnaaae,
1340 1970 1374 2031 a
1404 1964 1494 2029 ara-

442 2075 575 2135 stanum
601 2066 870 2135 Sohireboumiae.
930 2067 979 2132 Hi
1010 2067 1162 2133 videntes
1192 2090 1302 2155 regem
1332 2068 1494 2133 crassioris

443 2177 478 2237 et
510 2172 639 2238 hebetis
669 2170 803 2257 ingenii,
836 2170 1118 2237 admonitionibus
1155 2170 1199 2236 ad
1229 2171 1402 2235 seientiam
1424 2191 1495 2257 reg-

442 2274 546 2340 nandi
587 2272 812 2340 stimulabant.
893 2271 1078 2341 Swithinus
1115 2272 1291 2340 nauseans¹
1325 2273 1495 2339 dominum

442 2378 486 2441 ad
507 2376 673 2443 'eoelestia
703 2376 927 2442 informabat:
975 2376 1164 2455 Alestauus,
1194 2375 1335 2441 forensia
1366 2397 1497 2462 quoqne

442 2500 509 2543 non
532 2479 729 2565 negligenda
753 2484 853 2559 ratus,
878 2479 1018 2544 eundem
1041 2484 1156 2545 contra
1177 2480 1294 2544 Danas
1316 2480 1502 2559 animabat,

443 2583 512 2667 ipse
527 2582 682 2669 pecunias
704 2582 782 2647 fiseo
805 2580 981 2660 sufficiens,
996 2582 1066 2669 ipse
1089 2583 1270 2648 exercitum
1293 2604 1497 2669 componens

449 2684 559 2749 Multa
589 2706 647 2770 per
676 2684 770 2748 illum
796 2685 831 2749 in
855 2684 978 2749 talibus
1005 2689 1040 2749 et
1069 2684 1222 2750 inchoata
1248 2690 1437 2751 constanter
1462 2690 1499 2749 et

445 2788 625 2853 teuninata
656 2786 813 2867 feliciter,
853 2790 912 2873 qui
949 2787 1082 2851 annales
1119 2788 1271 2874 legerint,
1315 2789 1497 2853 invenient

272 2927 345 2979 Mate
450 2890 670 2959 Saevientibus
693 2890 797 2976 igitur
819 2890 855 2954 in
870 2889 1055 2977 Anglorum
1071 2890 1211 2956 exItium
1228 2890 1335 2956 Danis
1350 2892 1497 2978 paganis,

274 2995 382 3045 Westm.
448 2994 653 3059 Herebertus
690 3014 796 3058 comes
834 2993 923 3079 apud
967 2993 1197 3057 Mammiarum
1239 3000 1355 3060 eontra
1394 2995 1500 3059 dictos

274 3061 433 3178 pegigppd
446 3118 592 3184 paganos
629 3095 798 3182 pugnavit.
868 3094 939 3160 Ubi
977 3093 1084 3160 Danis
1116 3095 1326 3161 vincentibus
1363 3101 1397 3162 et
1431 3097 1500 3162 suis

446 3197 665 3264 bellatoribus
687 3196 901 3282 fugientibus,
927 3196 1016 3262 idem
1035 3219 1142 3262 comes
1164 3199 1324 3264 occubuit.
1369 3197 1501 3263 Deinde

274 3297 376 3414 mim
447 3321 649 3390 paganorum
672 3299 836 3365 exereitus
862 3321 921 3387 per
954 3300 1138 3366 Orientales
1169 3301 1301 3388 Angliae
1323 3305 1440 3388 partes,
1464 3301 1500 3366 id

274 3401 433 3492 nogwind.
448 3406 509 3481 est,
546 3425 604 3488 per
639 3401 803 3465 Kantiam
836 3405 870 3466 et
902 3401 1118 3488 Estangliam,
1150 3402 1315 3467 hostiliter
1344 3404 1500 3489 perrexit,

274 3495 342 3546 Ab.
355 3501 411 3546 ⁸⁴¹·
448 3505 506 3570 ubi
529 3503 663 3569 turbam
689 3503 964 3570 innumerabilem
991 3505 1165 3570 interfecit.
1223 3505 1348 3570 Eodem
1371 3527 1500 3591 quoquo

449 3610 598 3693 tempore
634 3615 668 3672 et
706 3605 793 3671 idem
845 3606 968 3692 pagani
1006 3605 1165 3672 Lindissae
1201 3607 1390 3693 depopulati
1420 3612 1503 3672 sunt

277 3735 350 3785 aare
448 3709 624 3796 regionem.
671 3708 744 3788 Quo
767 3708 854 3773 facto
878 3708 1049 3773 Danorum
1065 3709 1318 3774 nefandissimus
1338 3710 1502 3775 exercitus

276 3803 433 3932 &lxm
449 3817 571 3876 terram
601 3809 735 3896 Angliae
759 3810 954 3896 profundius
988 3811 1209 3898 ingredientes
1231 3811 1316 3877 cirea
1338 3813 1502 3878 Dorober-

277 3906 345 3985 Ab'.
359 3939 416 3985 842.
446 3914 537 3979 niam
561 3917 595 3977 et
619 3911 855 3978 Rofecestriam
870 3934 909 3976 ac
923 3913 1170 3979 Loudoniarum
1193 3915 1363 3979 civitatem
1386 3916 1501 3980 multi-

447 4017 599 4081 tudinem
622 4013 793 4078 hominum
816 4013 997 4080 maximam
1027 4016 1199 4100 utriusque
1229 4039 1327 4082 sexus
1357 4038 1501 4104 pereme-

277 4173 343 4222 ΜΝ
451 4124 539 4184 runt.
598 4117 722 4181 Eodem
749 4121 896 4203 tempore
922 4139 981 4182 rex
1007 4118 1263 4184 westsaxonum
1289 4119 1502 4184 AEthelwlfus

278 4209 385 4288 wesin.
450 4220 539 4304 apud
569 4217 709 4286 Currum
745 4224 860 4282 contra
888 4225 1021 4304 gentem
1055 4219 1216 4286 Danicam
1246 4221 1419 4308 pugnavit,
1444 4223 1504 4286 sed

278 4303 435 4421 {filfllffl
449 4319 540 4384 Dani
571 4321 743 4386 victoriam
774 4327 854 4386 sunt
883 4323 1004 4408 adepti.
1051 4322 1132 4387 Dux
1163 4345 1240 4388 vero
1272 4323 1502 4410 Cianulphns²

278 4407 347 4488 sess
407 4408 413 4430 '
449 4444 523 4487 cum
543 4419 844 4489 Srrmersetensibus
867 4429 902 4488 et
918 4423 987 4490 dux
1012 4425 1143 4491 Osricns
1159 4448 1233 4491 cum
1251 4425 1505 4491 Dorsetensibus

448 4531 483 4591 et
509 4525 650 4590 Aletano
678 4524 949 4592 schireburnensi
984 4528 1132 4617 episcopo
1171 4528 1259 4615 apud
1291 4527 1503 4593 Petbemdes-

485 4749 491 4779 ¹
510 4749 645 4814 rrauseana]
664 4749 691 4798 in
710 4747 817 4800 terrenis
833 4749 942 4802 n.wi11.
1031 4751 1041 4782 ²
1061 4749 1227 4816 Cicaalplms]
1247 4748 1416 4814 Faraulphua
1427 4749 1503 4803 Mur.

448 4827 579 4886 Malmesb.
999 4831 1113 4892 Westm„
1125 4831 1188 4897 sog.
1201 4829 1301 4891 Weud.‚
1313 4838 1360 4882 ete.
