3542 5800
494 912 540 965 ns
569 914 684 965 orsus
713 913 833 964 noenu
862 914 1044 963 aron-m
1070 898 1097 965 6.
1281 898 1321 966 71

274 1103 437 1170 Dominus
451 1106 494 1171 ad
510 1105 667 1193 populum
692 1104 870 1185 locuturus,
887 1104 978 1192 prius
1004 1102 1143 1169 eundem
1168 1101 1324 1189 populum

273 1208 438 1275 abstinere
452 1230 474 1275 a
487 1208 681 1275 mulieribus
695 1208 860 1295 pracepit
906 1206 951 1273 Et
966 1206 993 1271 si
1010 1207 1077 1271 illio
1092 1206 1151 1271 ubi
1162 1206 1324 1271 Dominus

272 1334 330 1397 per
363 1318 546 1379 creaturam
576 1314 744 1379 subditam
774 1310 962 1377 hominibus
994 1309 1198 1396 loquebatur,
1230 1314 1324 1373 tanta

272 1416 459 1500 provisione
481 1421 532 1481 eat
553 1416 721 1482 munditia
742 1414 886 1503 eorporis
909 1414 1074 1501 requisita,
1092 1420 1131 1479 ut
1149 1414 1206 1500 qui
1222 1413 1324 1479 verba

273 1518 336 1583 Dei
361 1520 568 1607 perciperent
597 1519 791 1587 mulieribus
816 1518 916 1584 mixti
940 1538 1007 1583 non
1033 1521 1164 1597 essent;
1198 1522 1323 1603 quanto

271 1623 374 1709 magis
397 1623 558 1701 mulieres,
580 1644 656 1709 quae
678 1644 794 1711 coquis
816 1620 954 1686 Domini
977 1620 1221 1707 Omnipotentis
1242 1620 1325 1685 acei-

271 1724 375 1809 piunt‚
407 1724 573 1793 custodire
609 1727 646 1793 in
674 1748 711 1793 se
739 1725 938 1791 munditiam
977 1724 1082 1789 camis
1120 1723 1249 1800 debent,
1282 1746 1323 1789 ne

270 1827 340 1915 ipsa
377 1828 620 1895 inaestimabilis
655 1828 808 1916 mysterii
850 1828 1082 1915 magnitudine
1119 1830 1324 1913 graventurl

271 1930 361 1996 Hine
386 1932 488 1998 otiam
514 1934 558 1999 ad
584 1932 698 1999 David
727 1932 768 1999 de
797 1932 909 2019 pueris
938 1930 1006 1997 suia
1036 1953 1093 2017 per
1122 1930 1322 1995 sacerdotem

269 2033 397 2113 dicitur,
431 2040 471 2101 ut
500 2036 530 2100 ai
555 2058 577 2101 a
601 2034 794 2102 mulieribus
824 2034 941 2101 muudi
972 2038 1089 2111 essent,
1121 2054 1221 2119 panea
1250 2054 1323 2119 pro-

268 2138 457 2223 positionis¹
481 2140 673 2227 acciperent,
700 2161 783 2225 quos
813 2138 948 2204 omnino
979 2158 1044 2203 non
1071 2136 1262 2223 acciperent,
1288 2138 1322 2203 ui

269 2242 360 2326 prius
387 2243 528 2309 mundos
553 2264 608 2308 eos
635 2242 746 2308 David
761 2265 782 2306 a
796 2240 988 2307 mulieribus
1004 2242 1187 2306 fatereturl
1231 2239 1322 2305 Tune

269 2349 380 2410 autem
410 2346 464 2411 vir
493 2346 552 2432 qui
580 2353 656 2433 post
684 2345 925 2411 admixtionem
952 2344 1099 2431 coniugis
1125 2344 1212 2409 lotus
1236 2366 1323 2429 aqua

268 2446 378 2526 fuerit,
417 2449 519 2515 etiam
565 2470 665 2515 saorra
713 2449 952 2515 communionis
998 2446 1193 2534 mysterium
1231 2447 1322 2511 valet

268 2552 422 2637 accipere,
450 2574 525 2617 cum
556 2552 587 2617 ei
616 2550 730 2617 iuxta⁸
760 2552 958 2639 praefinitam
989 2552 1189 2617 sententiam
1220 2548 1320 2615 etiam

269 2654 435 2720 eeclesiam
457 2655 587 2721 licuerit
608 2653 763 2721 intrara”

314 2756 545 2845 Iotemopotio
568 2756 656 2825 teeti
678 2756 885 2845 Aequatine’.
938 2764 955 2795 “
974 2754 1010 2825 Si
1033 2763 1107 2845 post
1138 2756 1318 2823 illusionem
1334 2776 1357 2825 a
1370 2771 1455 2825 ofin-

269 2882 343 2948 qum
372 2883 432 2950 per
460 2884 611 2928 somnum
642 2862 727 2929 solet
763 2861 915 2942 accidere,
947 2862 1000 2928 vel
1030 2884 1145 2952 eorpus
1184 2862 1320 2929 Domini
1333 2842 1466 2908 ''dm''

270 2965 409 3050 quilibet
445 2967 589 3054 accipere
626 2967 761 3047 valeat;
797 2966 860 3044 vel,
892 2966 921 3032 si
959 2967 1107 3032 sacerdos
1145 2967 1197 3042 sit,
1230 2987 1321 3034 saera

270 3069 427 3156 mysteria
448 3069 664 3136 celebrarat''

311 3171 501 3260 Responsio
531 3172 620 3240 beati
651 3171 810 3259 &aperti
838 3193 947 3260 popm.
1012 3169 1139 3238 “Hunc
1177 3172 1308 3259 quidem

270 3274 532 3342 'l'estamentum⁸
553 3277 674 3342 veteris
698 3277 804 3364 Legis,
828 3277 914 3342 aaut
936 3275 972 3341 in
994 3276 1152 3362 superiori
1175 3277 1319 3363 capitulo

270 3379 333 3443 iam
363 3379 516 3458 diximus,
547 3379 711 3467 pollutum
741 3380 831 3457 dicit,
862 3384 898 3445 et
927 3379 991 3444 nisi
1022 3379 1127 3446 lotum
1158 3401 1251 3467 aqua,
1284 3387 1318 3447 et

269 3504 369 3569 usque
406 3485 450 3550 ad
485 3505 655 3571 vesperam
692 3485 817 3550 intrare
855 3483 1022 3550 eeclesiam
1059 3506 1126 3550 nou
1162 3485 1316 3551 concedit.

270 3584 379 3670 [Quod
416 3592 497 3652 tunc
535 3586 719 3673 specialiter
761 3585 856 3650 illum
894 3587 1060 3674 populum,
1099 3587 1316 3676 spiritualiter

268 3694 377 3754 autem
417 3688 606 3777 intelligens
646 3690 709 3755 sub
746 3687 910 3776 eodem‚]⁴
948 3691 1035 3776 quod
1073 3693 1184 3756 tamen
1221 3691 1317 3756 aliter

268 3794 406 3879 populus
441 3793 621 3880 spiritualis
658 3792 855 3880 intelligens,
895 3792 955 3861 sub
994 3794 1106 3860 eodem
1147 3793 1316 3859 intellectu

268 3895 403 3982 accipiet
436 3915 503 3983 quo
528 3895 658 3982 praefati
687 3918 818 3961 sumus:
853 3895 932 3981 quia
957 3897 1051 3982 quasi
1083 3919 1141 3983 per
1165 3916 1316 3960 somnum

268 3997 417 4064 illuditur
450 3999 509 4086 qui
545 4003 728 4086 temptatus
764 3999 966 4066 inmunditia
996 3999 1082 4065 veris
1120 3998 1317 4085 imaginibus

268 4102 302 4164 in
330 4101 528 4189 cogitatione
554 4103 768 4190 inquinatur3
802 4104 859 4170 sed
885 4102 1047 4168 lavandus
1077 4107 1127 4167 est
1157 4123 1249 4188 apua,
1278 4109 1317 4168 ut

268 4204 375 4291 culpas
397 4205 606 4292 cogitationis
632 4205 773 4272 lacrimis
796 4207 933 4272 abluat:
966 4211 1001 4270 et
1026 4205 1091 4271 nisi
1114 4205 1203 4293 prius
1230 4206 1315 4294 ignis

268 4309 491 4395 temptationis
509 4309 684 4390 reooeserit,
699 4332 790 4376 reum
807 4333 841 4376 se
856 4309 951 4396 quasi
965 4331 1067 4398 usque
1085 4309 1127 4376 ad
1142 4333 1314 4398 vesperum

1333 2909 1463 2974 pollutior.

301 4758 307 4788 ¹
314 4757 496 4824 peponum]
506 4754 701 4823 propiciationis,
708 4756 765 4810 MS.
849 4757 946 4808 'Dent
960 4755 1033 4810 xxiii.
1048 4762 1085 4816 10,
1100 4761 1138 4809 11.

302 4837 402 4904 Ἰαὼ]
416 4837 504 4900 mixta,
517 4838 573 4890 MS.
849 4839 857 4868 ⁴
872 4836 945 4897 Quod
955 4844 1009 4887 tunc
1019 4836 1148 4902 -eodem]
1168 4851 1216 4888 om.
1231 4838 1292 4890 Bed;
