3542 5800
136 1252 327 1329 RICARDI
362 1254 420 1328 DE
451 1254 776 1333 elusucusrum
807 1258 1039 1335 SPECULUM
1077 1264 1342 1345 HISTORIALE

418 1393 482 1467 DE
517 1394 668 1469 ussus
701 1396 856 1471 REGUM
889 1397 1078 1477 ANGLIAE.

595 1620 929 1638 mmmm

217 1869 229 1901 ³
270 1864 409 1933 Iuerrrr
433 1866 635 1935 Psommuu
657 1884 698 1935 ru
729 1868 916 1935 spaeram
940 1870 1158 1937 Hrsronrsas
1182 1888 1228 1937 aa

519 1970 643 2035 Gmrm
668 1970 797 2037 Raouu
818 1975 977 2037 Ausus.

272 2202 486 2270 Puuom'rm
510 2210 660 2271 veterum
685 2227 757 2271 mos
776 2204 915 2272 inolevit
935 2204 1108 2273 laudabilis
1131 2228 1182 2273 res
1204 2214 1420 2274 me-Pamcs

221 2318 339 2383 morire
366 2319 480 2405 dignas
500 2318 569 2385 suis
605 2320 641 2385 in
669 2320 871 2407 temporibus
900 2320 1001 2387 iaetus
1038 2322 1081 2386 ad
1117 2322 1270 2387 notitiam

220 2432 409 2497 futurorum
445 2434 603 2499 beneficio
639 2436 708 2500 stiii
745 2436 977 2513 commendare,
1020 2458 1061 2503 ne
1107 2436 1272 2501 oblivione

220 2543 531 2612 reminiaoendorum
554 2548 673 2614 oemula
695 2555 892 2615 noves-eante
916 2572 936 2614 a
956 2550 1178 2615 recordatione
1201 2572 1275 2637 pos·

220 2660 368 2725 teritatis
396 2660 529 2747 ponitus
541 2662 742 2740 tollerentur,
769 2684 844 2749 qum
864 2660 1052 2727 suooessivis
1074 2664 1274 2750 temporibus

220 2774 334 2839 studio
370 2774 550 2861 legentium
593 2774 702 2841 forent
745 2773 882 2841 indubio
920 2774 1096 2862 profutura
1166 2776 1274 2841 Mores

221 2911 364 2975 namque
379 2894 414 2955 et
428 2896 520 2956 settis
534 2888 785 2978 praecedentium
800 2890 1073 2976 subsequentibus
1088 2892 1274 2956 redundant

221 3003 258 3067 iu
288 3003 481 3090 exemplum
542 3003 631 3074 Hine
668 3010 718 3069 est
747 3005 836 3090 quod
871 3004 960 3070 inter
992 3005 1074 3068 tales
1104 3005 1274 3090 scriptores

222 3116 457 3182 illustrissimos
473 3116 658 3182 extiterunt
675 3117 783 3203 plures
806 3118 842 3181 in
868 3117 990 3202 Anglia
1004 3116 1068 3180 viri
1087 3115 1272 3194 doctissimi,

222 3227 281 3312 qui
297 3227 478 3313 Auglorum
502 3233 595 3313 gesta
608 3249 722 3314 regum
741 3227 841 3292 variis
865 3227 901 3290 in
923 3225 1087 3291 oodieibus
1109 3225 1274 3292 luculento

222 3363 369 3405 sermone
391 3345 548 3405 curarunt
578 3339 769 3428 depingere:
802 3332 959 3426 quatinus
985 3345 1019 3406 et
1050 3339 1138 3406 faeta
1159 3362 1273 3428 regum

223 3454 323 3541 digna
344 3453 564 3519 reoolerentm·
587 3453 751 3528 memoria
768 3458 803 3518 et
828 3453 1013 3519 suooedenti
1036 3475 1104 3518 non
1133 3453 1274 3519 laterent

222 3567 315 3632 aetati
329 3588 406 3652 quae
426 3565 543 3630 merito
561 3565 692 3657 fueraut
710 3565 879 3630 imitanda
926 3565 1053 3652 Nempe
1068 3567 1154 3631 inter
1168 3573 1275 3632 oetera

220 3703 322 3767 regna
351 3679 414 3744 sub
443 3679 557 3744 mundi
586 3679 716 3744 oardine
739 3679 920 3744 eonstituta
949 3679 1077 3765 speciali
1106 3681 1210 3766 gloria
1233 3681 1274 3744 de

220 3815 356 3858 suorum
399 3792 573 3858 sanctitate
609 3813 723 3878 regum
768 3791 891 3878 anglia
927 3793 1066 3880 refinget
1078 3818 1086 3874 ;
1135 3815 1274 3878 quorum

222 3907 350 3972 meritis
365 3906 542 3982 deooratur,
552 3927 692 3990 quorum
705 3905 870 3990 suffragiis
884 3907 1067 3984 adiuvatur,
1085 3913 1119 3970 et
1135 3929 1273 3992 quorum

222 4019 381 4105 exemplis
418 4019 461 4084 ad
496 4041 658 4083 summam
694 4016 859 4084 virtutum
901 4019 1033 4105 penitus
1069 4019 1273 4082 informatur.

223 4135 367 4215 Qrsidam
403 4155 544 4219 namque
574 4133 757 4220 Anglorum
785 4154 899 4219 regum
936 4131 1040 4219 gioria
1076 4137 1110 4197 et
1148 4133 1275 4198 divitiis

141 4257 148 4268 ’
220 4247 479 4334 gubernaculum
493 4247 587 4333 regni
601 4247 636 4310 in
651 4267 729 4332 psoe
744 4246 947 4332 optinebant,
964 4245 1274 4332 considerabuntque

222 4383 265 4425 ex
281 4361 375 4424 euius
388 4381 522 4424 munere
536 4359 639 4437 venit,
662 4359 750 4424 unde
773 4358 817 4422 ad
831 4359 955 4442 apicem
977 4359 1118 4444 regalem
1133 4359 1274 4444 promoti

220 4471 376 4536 fuerunt:
400 4470 512 4536 iociroo
527 4469 676 4534 debonis
698 4467 761 4534 sibi
776 4492 797 4533 a
811 4467 882 4534 Deo
903 4467 1028 4533 collatis
1043 4467 1147 4534 eidem
1163 4491 1275 4556 repen-

222 4586 301 4650 dere
333 4583 440 4648 sedule
469 4582 687 4678 affectabant:
727 4605 794 4668 qua
822 4581 863 4647 de
892 4603 927 4645 re
954 4583 989 4646 in
1019 4605 1196 4668 pauperum
1226 4603 1275 4646 re-

221 4698 386 4764 creatione
410 4698 515 4783 largas
538 4695 699 4761 dederunt
723 4697 950 4782 eleemosynas,
972 4696 1056 4760 eirea
1070 4697 1274 4761 eeclesiarum

1155 4825 1178 4872 a
