3542 5800
468 859 532 922 286
726 874 793 927 mc
817 874 1133 926 nemorensem.
1157 874 1242 926 msa.

513 1057 596 1125 Haeo
633 1059 673 1129 de
710 1060 799 1127 beati
837 1060 902 1132 viri
939 1061 1064 1128 visione
1101 1060 1285 1148 significatu
1322 1059 1510 1126 considero:

467 1165 611 1230 ceterum
633 1162 691 1248 qui
712 1163 830 1236 melius
851 1165 949 1238 novit
971 1185 1142 1254 exponere,
1159 1162 1354 1252 exponentis
1374 1162 1513 1230 arbitrio

467 1265 713 1353 interpretanda
735 1266 893 1354 relinquo.

534 1693 784 1764 Ooumuulrro.
841 1691 1196 1863 Qcpplffletm
1232 1697 1275 1764 ct
1312 1697 1458 1768 Auem

1020 1818 1075 1862 us.

299 2013 459 2080 Feelingcof
511 2009 569 2074 AD
593 2010 791 2076 narrationis
814 2008 926 2094 itaque
950 2013 1071 2075 nostrie
1097 2010 1211 2076 seriem
1242 2015 1453 2091 revertemur,
1476 2017 1512 2076 et

299 2083 430 2213 Ἠῶ)
466 2113 609 2198 qualiter
622 2113 738 2178 beatus
761 2117 890 2198 martyr
904 2113 947 2176 ad
968 2111 1076 2180 Deum
1100 2135 1195 2178 suum
1220 2113 1379 2201 gloriosus
1403 2135 1511 2180 aseen-

298 2216 446 2280 damnum
430 2216 560 2293 ornarit,
591 2216 730 2302 simplici
759 2217 867 2282 relatu
897 2215 1056 2282 vereoiter
1093 2237 1298 2302 exequemur
1359 2216 1511 2284 Collectis

299 2282 441 2412 3ξῆΜ
379 2349 409 2396 „f
441 2298 598 2385 edemum
612 2319 763 2384 tentoriis
777 2325 812 2384 et
833 2319 1043 2404 apparatibus
1067 2340 1178 2384 eorum
1199 2320 1394 2406 generaliter
1415 2342 1512 2406 expe-

296 2415 374 2465 AEthe
375 2416 446 2468 Μ·
467 2421 554 2499 ditis,
569 2441 665 2486 mane
680 2422 777 2486 valde
802 2421 946 2485 diluenlo
974 2421 1042 2486 suis
1057 2422 1099 2486 ed
1114 2443 1148 2486 se
1172 2421 1345 2508 diligenter
1368 2423 1511 2488 evocetis

464 2522 649 2588 huiusmodi
671 2522 773 2588 verba
792 2543 853 2587 rex
875 2523 993 2588 efflrdit
1019 2545 1126 2588 eorem
1149 2524 1202 2590 eie
1249 2523 1426 2592 “Obsecro
1441 2547 1509 2608 vos,

462 2632 626 2692 consortes
640 2631 675 2692 et
697 2625 867 2713 complices
891 2647 973 2692 meae
987 2647 1115 2712 quoque
1138 2627 1310 2714 dignitatis
1332 2633 1367 2693 et
1387 2628 1508 2715 glorloe,

462 2733 502 2794 ut
524 2751 600 2794 cum
629 2728 784 2816 principis
813 2728 911 2794 huius
941 2729 1051 2796 culm
1073 2729 1211 2816 ingressi
1240 2730 1405 2808 stiterimus,
1433 2753 1510 2818 pru-

462 2831 585 2901 dentiae
610 2832 735 2898 semitis
759 2831 882 2919 ingiter
903 2829 1105 2911 innitemur,¹
1121 2853 1164 2896 ne
1187 2832 1352 2900 fatuitatis
1372 2839 1406 2901 et
1427 2833 1510 2898 inei·

463 2938 597 3024 plentiae
623 2938 749 3025 stupidi
772 2939 947 3001 sectatores
971 2958 1039 3003 esse
1069 2936 1186 3001 merito
1216 2958 1398 3024 arguamur.
1443 2936 1509 3023 Ty·

462 3062 585 3106 rannus
599 3041 687 3107 enim
713 3038 871 3127 superbus
896 3044 957 3119 est,
973 3043 1008 3104 et
1031 3039 1143 3125 populi
1165 3040 1282 3125 petriae
1305 3044 1510 3106 contumaees

461 3144 565 3210 valde.
627 3144 741 3210 Facite
777 3142 866 3230 quod
903 3142 1041 3229 postul0‚
1079 3163 1139 3207 nee
1172 3165 1193 3206 e
1222 3142 1309 3209 bono
1342 3143 1509 3231 proposito

461 3245 653 3315 desistatis’'
697 3246 923 3333 Promiserunt
937 3266 971 3310 se
986 3245 1083 3310 duces
1097 3249 1132 3310 et
1154 3245 1280 3311 tribuni
1302 3246 1436 3312 rectoris
1458 3246 1510 3310 sui

461 3350 604 3415 edictum
628 3349 777 3436 excipere
800 3352 835 3413 et
860 3347 1066 3413 volunlatem
1090 3348 1168 3426 eius,
1193 3354 1291 3435 prout
1316 3356 1456 3437 possent,
1473 3350 1510 3413 ln

461 3451 613 3518 omnibus
639 3452 823 3539 specialiter
846 3450 1034 3537 adimplere.
1081 3450 1221 3515 Sanctus
1252 3450 1355 3539 igitur
1384 3451 1509 3517 amictas

461 3554 596 3621 Domini
611 3555 836 3621 AEthelbertus
849 3555 891 3620 de
906 3553 1085 3619 mensionis
1100 3553 1246 3620 eiusdem
1261 3555 1330 3621 loco
1346 3554 1509 3643 profectus

461 3658 555 3725 venit
580 3658 624 3723 ed
647 3658 771 3725 curium
797 3679 896 3744 supra
918 3658 1090 3723 memorati
1114 3658 1258 3743 tyranni,
1286 3663 1326 3723 ut
1351 3680 1411 3723 rex
1434 3678 1509 3723 cum

460 3784 535 3849 rege
550 3761 744 3849 loqueretur,
759 3765 795 3826 et
816 3766 955 3845 uterque
979 3760 1022 3825 eb
1045 3760 1204 3825 alterutro
1229 3764 1398 3847 gratanter
1421 3761 1509 3825 exei-

459 3871 599 3952 peretur.
646 3864 689 3930 In
714 3863 767 3930 die
796 3864 855 3929 ille
884 3863 995 3929 stabat
1021 3862 1151 3927 Alfi-ida
1172 3862 1244 3928 Deo
1268 3863 1388 3928 dilecta
1414 3864 1508 3950 virgo

458 3968 579 4035 nobilis
600 3974 635 4035 et
656 3968 798 4056 gloriose
820 3966 858 4031 in
884 3966 1011 4031 excelso
1035 3966 1115 4031 solio
1140 3965 1243 4051 patris
1269 3965 1330 4043 sui,
1347 3965 1508 4032 consider·

458 4094 583 4159 ansque
608 4069 789 4158 prinoipem
816 4068 1034 4134 Orientalium
1065 4066 1247 4155 Anglorum
1276 4068 1506 4134 advenientem

459 4197 533 4241 cum
562 4175 683 4262 populo
708 4171 870 4239 exercitus
897 4168 1145 4251 s1d‚edrnlmta
1174 4175 1225 4235 eet
1253 4170 1506 4255 pudoritudinem

457 4277 547 4341 illius
573 4283 608 4343 et
631 4276 775 4364 gloriam,
802 4280 973 4360 tnntaeque
998 4272 1156 4339 novitatis
1180 4277 1278 4337 antea
1307 4273 1506 4360 incognitam

458 4379 668 4445 vehementer
682 4378 796 4466 gavisa
818 4382 870 4443 est
883 4374 1097 4463 contemplari
1116 4374 1278 4441 militiam.
1327 4384 1345 4417 “
1359 4374 1458 4463 Papus
1470 4378 1478 4437 l
1490 4375 1508 4401 ”

459 4481 577 4568 inquit,
607 4481 794 4569 “genetrix
816 4501 898 4558 mes,
929 4479 1020 4545 uuus
1057 4482 1106 4543 est
1139 4478 1203 4543 ista
1235 4476 1384 4543 familiat
1444 4476 1507 4547 Oui

793 4803 800 4832 ¹
812 4798 958 4867 unitam]
971 4800 1106 4863 inritam
1117 4796 1172 4851 MS.
