3542 5800
465 897 530 966 272
730 913 794 963 arc.
818 914 864 962 nn
888 913 1020 964 cronno
1046 915 1132 964 senc.
1156 915 1240 966 nrsr.

463 1098 561 1163 facies
590 1121 666 1164 suas
694 1100 876 1187 irrigantes,
916 1101 1097 1168 absentiam
1135 1103 1186 1168 sui
1224 1124 1309 1190 aegre
1344 1103 1510 1190 utrimque

463 1201 671 1287 pertulerunt
693 1209 728 1268 et
749 1203 924 1270 hincinde
945 1206 1039 1294 gravi
1061 1206 1166 1271 cordis
1185 1207 1380 1273 contritione
1399 1207 1510 1272 dolue-

462 1310 550 1370 runt
610 1305 738 1393 Regina
771 1328 881 1394 regem
920 1309 1135 1396 interpellare,
1166 1314 1273 1375 mater
1304 1310 1372 1376 filio
1399 1311 1508 1396 inpro

462 1429 575 1494 perare
597 1411 733 1496 tyranni
755 1411 935 1497 perfidiam,
963 1411 1126 1478 difficilem
1152 1413 1250 1491 viam,
1281 1414 1407 1501 plebem
1435 1435 1509 1501 per-

462 1533 600 1592 versam,
625 1513 733 1578 levem
762 1514 877 1579 mortis
913 1535 1053 1596 causam,
1083 1515 1200 1603 patriae
1233 1517 1370 1596 ruinam,
1404 1515 1508 1582 hostis

462 1613 623 1693 laetitiam,
661 1615 892 1682 desolationem
945 1619 1004 1695 sui,
1059 1619 1344 1706 depopulationem
1388 1619 1508 1707 populi,

462 1719 666 1786 invasionem
699 1720 801 1807 regni,
827 1720 972 1808 impetus
1001 1721 1217 1800 inimicorum,
1253 1723 1508 1810 depraedationes

463 1822 665 1888 exercituum
706 1821 928 1890 barbarorum.
987 1823 1127 1903 “Noli''
1163 1826 1279 1911 inquit,
1321 1834 1339 1860 “
1347 1825 1425 1904 noli,
1459 1825 1509 1890 fili

462 1925 510 1990 mi
538 1926 634 1990 unice
663 1946 756 1991 amor
784 1930 820 1991 et
848 1925 984 1992 dulcedo
1022 1927 1141 1993 animae
1176 1949 1267 2005 meae,
1295 1928 1362 1993 noli
1398 1948 1507 2015 regem

464 2026 573 2093 Offam
607 2048 752 2093 socerum
790 2026 853 2094 tibi
892 2028 1019 2115 eligere,
1051 2050 1135 2096 neve
1166 2030 1297 2096 studeas
1332 2035 1402 2095 tarn
1435 2052 1507 2096 ver-

462 2134 537 2195 suto
565 2135 708 2216 tyranno
737 2135 772 2196 te
801 2151 957 2217 generum
988 2128 1120 2197 efficere.
1165 2132 1296 2197 Desiste
1326 2131 1508 2198 incredulos

463 2231 614 2298 Britones
635 2233 834 2320 propinquos
855 2233 919 2299 tibi
942 2233 1146 2321 coniungere,
1170 2256 1212 2299 ne
1235 2234 1386 2321 disponas
1407 2235 1506 2300 fidem

461 2340 554 2400 tuam
568 2335 699 2400 illorum
721 2335 800 2400 fidei
822 2336 994 2423 assignare.
1042 2336 1246 2423 Frequenter
1265 2337 1375 2402 studia
1394 2357 1505 2402 eorum

460 2441 496 2501 et
517 2437 673 2502 exercitia
695 2438 779 2503 circa
797 2439 999 2525 proditiones
1020 2443 1056 2504 et
1077 2439 1168 2505 dolos
1187 2445 1318 2504 versata
1340 2444 1426 2517 sunt,
1447 2460 1507 2504 nec

460 2537 635 2624 aliquando
657 2539 757 2604 fidem
779 2545 839 2606 aut
859 2545 1061 2606 sacramenta
1083 2561 1158 2627 quae
1179 2541 1379 2607 custodirent
1402 2541 1508 2605 invio

460 2641 531 2707 lata
558 2665 633 2708 curn
656 2642 769 2729 aliquo
798 2643 1002 2731 pepigerunt
1047 2643 1142 2710 Idem
1168 2665 1247 2710 vero
1273 2665 1332 2716 rex
1356 2643 1508 2709 minister

460 2745 628 2822 scelernm,
673 2746 877 2818 inveteratus
934 2746 1060 2812 diemm
1104 2745 1274 2824 malorum,
1320 2746 1508 2833 iniquitatis

459 2849 578 2936 praed0,
599 2848 781 2937 impietatis
802 2849 946 2936 laqueus,
968 2871 1032 2915 avo
1054 2855 1122 2929 tuo,
1144 2850 1232 2937 patri
1251 2849 1404 2916 videlicet
1422 2869 1504 2926 meo,

459 2954 582 3042 linguae
604 2954 834 3020 blandimenta
855 2953 1033 3031 simulavit,
1057 2958 1092 3019 et
1112 2952 1294 3040 nunquam¹
1322 2952 1507 3040 promissio-

459 3079 535 3123 nem
559 3058 637 3124 fidei
659 3057 837 3123 secundum
857 3056 961 3123 verba
982 3057 1092 3121 iurata
1117 3054 1272 3123 servavit.
1318 3055 1434 3137 Quare,
1456 3056 1506 3121 fili

459 3162 515 3238 mi,
538 3182 636 3227 causa
665 3165 768 3227 tantae
791 3159 934 3245 talisque
962 3158 1109 3246 perfidiae
1131 3158 1198 3223 iam
1223 3158 1340 3225 suadet
1365 3163 1504 3224 matrem

458 3269 552 3330 tuam
581 3264 744 3350 conqueri,
773 3284 890 3350 meque
919 3261 1085 3349 compellit
1115 3261 1239 3349 regiam
1268 3266 1361 3327 tuam
1391 3262 1506 3327 maies-

459 3372 563 3431 tatem
584 3366 755 3432 humiliter
776 3365 907 3452 alloqui,
928 3370 968 3430 ut
988 3365 1103 3431 relicta
1124 3368 1220 3429 tanta
1240 3363 1431 3443 intentione,
1453 3366 1506 3429 cui

458 3474 554 3534 tanta
583 3469 758 3535 sedulitate
788 3468 973 3535 obstinatus
1002 3466 1148 3545 inhaeres,
1180 3466 1288 3533 natale
1318 3466 1423 3531 solum
1452 3466 1506 3531 tui

459 3571 642 3637 absentiam
671 3572 809 3637 viduare
838 3571 931 3652 nolis,
955 3570 1035 3638 dum
1065 3574 1100 3635 te
1125 3575 1308 3657 opportune
1333 3568 1387 3635 vel
1411 3569 1505 3656 inop-

458 3678 599 3762 portune
620 3673 742 3762 ingeris
763 3673 954 3741 nationibus
976 3670 1119 3739 alienia”
1162 3672 1247 3738 Tum
1275 3693 1335 3739 rex
1365 3672 1505 3739 iocundo

458 3783 499 3844 ut
523 3782 596 3844 erat
620 3778 740 3857 animo,
765 3776 863 3843 hilari
889 3776 997 3857 vultu,
1021 3775 1193 3843 summissa
1217 3796 1297 3841 voce
1326 3774 1505 3862 respondit,

458 3882 623 3969 matrique
645 3903 714 3948 suae
743 3879 895 3949 alacriter
925 3884 1039 3966 aperta
1062 3900 1140 3945 voce
1170 3878 1265 3945 dixit
1321 3883 1339 3915 ‘¹
1348 3876 1402 3943 Ne
1430 3900 1506 3965 pro-

458 3985 579 4063 hibeas,
596 3984 730 4052 domina
750 4006 833 4062 mea,
849 4005 891 4049 ne
914 3982 1102 4049 dissuadeas
1125 3982 1189 4047 iter
1211 4002 1329 4061 meum,
1353 3982 1506 4068 genetrix

458 4090 619 4177 gloriosa;
648 4088 726 4153 licet
752 4086 841 4153 enim
861 4086 969 4151 vitam
998 4106 1106 4150 meam
1128 4084 1165 4149 in
1191 4084 1309 4150 scrinio
1331 4083 1386 4151 vel
1407 4082 1506 4151 aroa²

458 4192 595 4257 dicionis
616 4195 685 4257 tuae
706 4196 834 4255 teneres
851 4188 1018 4267 inclusam,
1040 4208 1175 4273 eamque
1197 4187 1277 4253 seris
1298 4208 1337 4253 ae
1353 4187 1506 4253 ¹vectibus

457 4292 570 4358 ferreis
595 4292 733 4358 haberes
759 4292 976 4369 obfirmatam,
1001 4290 1159 4357 terminos
1188 4310 1278 4355 meos
1307 4289 1506 4375 pertransire

456 4416 525 4460 non
545 4398 668 4482 potero,
683 4416 765 4481 quos
787 4394 871 4459 mihi
893 4392 1054 4481 siquidem
1070 4393 1149 4458 novi
1164 4392 1361 4459 constitutos
1380 4413 1401 4456 a
1423 4390 1505 4473 Deo,

458 4496 543 4563 sicut
564 4497 731 4585 praescivit
753 4502 788 4561 et
816 4496 1069 4583 praedestinavit
1102 4493 1261 4561 Conditor
1282 4493 1396 4581 gloria
1421 4514 1505 4558 sem-

493 4822 652 4892 lerum]
672 4823 793 4891 iniquam,
803 4822 860 4877 MS.
976 4822 984 4893 Ι
1028 4820 1129 4890 ἀνω]
1142 4820 1294 4883 archalis.
