3542 5800
457 859 521 923 332
718 874 783 921 nro.
808 870 856 921 mr
878 871 1017 935 crunno.
1040 872 1130 923 seno.
1154 870 1241 922 msr.

457 1068 559 1131 animi
591 1068 711 1146 favore,
746 1091 813 1134 non
837 1074 969 1134 tantum
1000 1067 1137 1155 cligitur
1166 1092 1210 1134 ex
1231 1071 1361 1155 generis
1383 1090 1509 1133 succes-

456 1170 554 1250 sione,
594 1176 755 1257 quantum
800 1173 930 1258 rapitur
967 1176 1006 1237 ut
1035 1171 1083 1237 eis
1119 1172 1273 1258 praeesset
1307 1172 1509 1258 sceptrigera

456 1276 628 1357 potestate
674 1273 780 1353 Quem
798 1273 1008 1339 Humbertus
1022 1274 1164 1340 antistes
1186 1274 1287 1339 unxit
1301 1274 1373 1339 oleo
1396 1294 1508 1339 conse·

456 1375 628 1461 oravitque
666 1396 740 1440 oum
771 1397 892 1464 magno
921 1376 1044 1462 gaudio
1073 1381 1108 1442 et
1135 1376 1259 1442 honore
1296 1377 1439 1442 maxime
1469 1376 1508 1440 in

457 1472 539 1537 villa
576 1473 666 1560 regia
714 1497 789 1561 quae
826 1475 940 1539 Buren
979 1474 1109 1554 dicitur,
1147 1476 1184 1539 in
1222 1476 1295 1562 ipsa
1325 1474 1509 1540 Dominicae

457 1576 647 1642 nativitatis
677 1578 738 1643 die.
785 1578 868 1642 Erat
894 1582 1007 1643 autem
1035 1578 1066 1641 ei
1092 1577 1215 1663 species
1239 1577 1341 1665 digna
1360 1576 1509 1664 imperio,

456 1702 554 1765 quam
578 1679 776 1745 serenissimi
807 1680 917 1745 cordis
947 1679 1071 1766 iugiter
1092 1681 1296 1745 venustabat
1326 1678 1509 1765 tranquilla

455 1781 597 1846 devotio
644 1782 727 1847 Erat
750 1782 903 1847 omnibus
926 1782 1050 1846 blando
1073 1781 1203 1867 cloquio
1225 1782 1376 1861 affabilis,
1400 1781 1508 1845 humi-

453 1883 561 1949 litatis
582 1885 693 1972 gratia
722 1884 878 1972 praecluis‚
912 1889 947 1949 et
968 1883 1057 1950 inter
1079 1906 1156 1949 suos
1200 1907 1327 1951 ooaevos
1361 1884 1507 1948 mirabili

454 1988 707 2053 mansuetudine
744 1987 912 2052 residebat
949 1987 1104 2052 dominus
1148 1989 1271 2074 absque
1294 1978 1377 2053 'ullo
1414 1986 1505 2051 fastu

451 2091 621 2175 superbire.
678 2090 815 2175 Iamque
848 2090 901 2154 vir
933 2095 1067 2155 sanctus
1099 2090 1295 2177 praeferebat
1332 2090 1369 2153 in
1406 2090 1505 2154 vultu

451 2193 539 2278 quod
576 2198 690 2279 postea
723 2192 974 2259 manifestatum
1006 2197 1057 2257 est
1079 2192 1194 2258 divino
1217 2199 1311 2272 nutu,
1347 2192 1504 2278 quoniam

450 2317 533 2380 puer
566 2300 639 2360 toto
673 2296 845 2361 oona-mine
879 2294 1017 2361 virtutis
1049 2295 1191 2381 arripuit
1223 2294 1373 2381 gradum,
1405 2316 1504 2379 quern

450 2396 565 2461 divina
587 2397 692 2483 pietas
722 2397 913 2483 praesciebat
946 2396 1108 2482 martyrio
1138 2396 1329 2461 finiendum.
1376 2396 1505 2461 Nactus

450 2520 527 2565 vero
566 2499 695 2564 culmen
732 2498 913 2586 regiminis,
951 2503 1087 2583 quantae
1125 2498 1227 2563 fuerit
1264 2498 1300 2561 in
1339 2498 1503 2563 subiectos

449 2601 675 2687 benignitatis,
699 2607 833 2687 quantae
856 2601 893 2665 in
915 2623 1085 2688 perversos
1107 2600 1334 2677 districtionis,
1358 2622 1427 2665 non
1450 2606 1502 2665 est

449 2709 570 2770 nostrae
602 2704 768 2769 facultatis
801 2705 962 2784 evolvere,
994 2704 1053 2790 qui
1084 2704 1155 2769 eius
1176 2704 1315 2767 minima
1337 2724 1403 2787 quo
1425 2724 1503 2767 oon-

448 2806 577 2871 veniret
610 2827 759 2871 sermone
789 2828 857 2871 non
889 2828 1063 2893 passumus
1102 2804 1265 2894 expedire.
1328 2804 1501 2890 Siquidem

448 2910 498 2976 ita
528 2910 724 2976 columbinae
758 2908 982 2996 simplicitatis
1014 2909 1268 2975 mansuetudine
1299 2908 1502 2994 temperavit

448 3013 646 3100 serpentinae
678 3011 870 3078 calliditatis
905 3011 1075 3092 astutiam,
1098 3016 1139 3077 ut
1161 3033 1220 3077 neo
1242 3011 1374 3096 antiqui
1396 3011 1501 3076 hostis

448 3115 653 3201 deciperetur
687 3113 898 3180 simulatione
936 3114 1156 3195 fraudulenta,
1188 3134 1248 3179 neo
1279 3113 1500 3200 malignorum

446 3217 618 3282 hominum
655 3216 813 3304 reciperet
851 3221 967 3282 contra
1004 3216 1169 3282 iustitiam
1202 3215 1394 3296 sententias,
1428 3237 1500 3281 rem

446 3341 546 3405 quam
568 3319 735 3386 nesciebat
758 3319 1009 3406 diligentissime
1031 3318 1256 3406 investigans:
1280 3317 1499 3405 gradiensque

445 3422 502 3487 via
523 3424 614 3509 regia
636 3444 696 3488 neo
718 3421 907 3488 declinabat
929 3423 972 3487 ad
990 3423 1162 3488 dexteram
1185 3421 1376 3487 extollendo
1399 3443 1433 3486 sc
1456 3421 1498 3487 de

445 3525 582 3603 meritis,
606 3547 666 3590 nec
697 3526 741 3589 ed
764 3526 929 3590 sinistram
956 3523 1196 3590 succumbendo
1226 3524 1320 3589 vitiis
1341 3524 1498 3591 humanus

445 3627 645 3714 fragilitatis.
692 3628 775 3692 Erat
797 3648 928 3714 quoque
951 3626 1126 3714 egentibus
1148 3609 1284 3712 dapsilis
1305 3627 1495 3706 liberaliter,

444 3730 577 3818 pupillis
600 3736 635 3796 et
657 3730 770 3796 viduis
792 3729 1065 3796 clementissimus
1088 3734 1192 3816 pater,
1222 3751 1350 3816 semper
1371 3729 1498 3796 habens

444 3857 512 3922 pree
546 3833 647 3900 oeulis
681 3833 807 3899 dictum
845 3833 935 3898 illius
968 3831 1144 3920 sapientis.¹
1203 3831 1423 3918 “Principem
1449 3831 1497 3898 ‘te

443 3937 699 4014 constituerunt,
716 3936 784 4001 noli
808 3935 949 4015 extolli3
982 3935 1040 4000 sed
1055 3941 1126 4000 esto
1148 3935 1267 4000 inillis
1290 3935 1385 4021 quasi
1408 3957 1497 4002 unus

443 4063 485 4106 ex
500 4039 595 4106 illis.'’
644 4038 793 4124 Cumque
816 4043 887 4102 tam
911 4037 1094 4124 conspicuis
1109 4039 1146 4103 in
1162 4037 1296 4106 Christo
1312 4043 1347 4103 et
1361 4039 1497 4104 ecclesia

442 4144 600 4209 emineret
623 4142 784 4207 bonerum
807 4145 942 4206 actuum
965 4141 1177 4219 ornamentis,
1200 4141 1271 4207 eius
1286 4140 1494 4229 patientiam,

441 4246 526 4310 sicut
563 4250 598 4312 et
636 4245 741 4310 sancti
778 4241 853 4321 J0b‚
890 4265 1060 4331 aggressus
1090 4249 1142 4310 est
1174 4243 1317 4331 experiri
1355 4244 1494 4310 humani

440 4347 568 4434 generis
602 4347 763 4426 inimicus,
797 4347 855 4432 qui
893 4369 931 4412 eo
961 4345 1080 4411 bonis²
1114 4347 1220 4412 acrius
1253 4345 1391 4427 invidet,
1426 4368 1494 4434 quo

440 4449 591 4537 appetitu
615 4450 709 4516 bonae
732 4449 916 4516 voluntatis
939 4455 1036 4515 caret.

437 4643 560 4652 ———-
761 4645 773 4652 ..
778 4643 912 4652 ..κ-...μμ
917 4642 1084 4651 -ι--υῄ-
1419 4641 1487 4650 -ο-η

473 4757 689 4818 ¹ltee1us.xxxii.
705 4771 725 4816 1.
952 4763 957 4832 Ι
1023 4762 1304 4832 ²bom'r]bonisbonis,
1314 4762 1371 4814 Mb.
1451 4789 1456 4800 ·
