3542 5800
281 1396 405 1449 Oswald's

281 1465 406 1515 devotion.

285 2664 406 2715 Transla-

285 2798 367 2849 relisa

450 904 515 968 150
712 916 778 965 arc.
803 916 851 965 nn
873 914 1008 965 ursano.
1034 914 1123 963 senc.
1147 912 1235 963 mss.
1260 948 1264 955 ,

447 1092 515 1156 iam
541 1111 615 1155 cum
639 1090 783 1155 Domino
805 1089 977 1176 regnantis
999 1089 1142 1155 multum
1166 1088 1275 1154 valere
1299 1088 1388 1175 apud
1414 1110 1499 1167 eum,

448 1193 506 1279 qui
520 1191 712 1278 temporalis
726 1193 820 1280 regni
836 1192 1002 1277 quondam
1016 1190 1238 1278 gnbemaoula
1253 1196 1378 1269 tenens,
1394 1192 1500 1278 magis

448 1318 507 1383 pro
523 1293 659 1361 setemo¹
677 1316 778 1382 regno
794 1316 923 1381 semper
936 1294 1085 1360 laborare
1100 1316 1138 1359 ac
1153 1294 1321 1381 deprecari
1337 1292 1471 1359 solebat

492 1398 526 1463 A
546 1403 693 1484 tempore
724 1397 813 1463 enim
846 1398 1021 1463 matutinae
1050 1396 1158 1462 laudis
1188 1397 1306 1483 saepius
1337 1398 1380 1462 ad
1412 1396 1499 1461 diem

448 1522 550 1587 usquo
572 1501 609 1565 in
631 1500 835 1566 orationibus
857 1500 1011 1585 perstitit,
1028 1506 1128 1586 atque
1151 1499 1193 1565 ob
1209 1500 1359 1565 crebrum
1374 1520 1499 1565 morem

449 1603 574 1680 orandi,
607 1603 678 1669 sive
717 1602 893 1689 [gratiasP
924 1602 1044 1689 agendi
1076 1602 1228 1682 Domin0,
1268 1624 1395 1689 semper
1426 1600 1501 1667 ubi-

448 1727 578 1794 cunque
599 1705 722 1782 sedens,
745 1705 879 1790 supinss
901 1726 999 1791 super
1020 1726 1129 1792 genua
1150 1726 1210 1769 sua
1234 1726 1352 1770 manns
1378 1704 1500 1771 babere

447 1810 593 1876 solicitus
614 1806 703 1874 fuit.³
762 1806 946 1893 Vulgarum
977 1812 1028 1873 est
1059 1812 1238 1888 autemst
1268 1809 1303 1873 in
1325 1812 1500 1873 consuetu-

450 1914 561 1979 dinem
598 1910 765 1999 proverbii
803 1931 943 1989 versum,
984 1910 1073 1995 quod
1119 1910 1220 1976 etiam
1264 1911 1353 1977 inter
1397 1910 1500 1975 verba

451 2015 608 2081 orationis
630 2015 736 2080 vitam
750 2013 882 2079 finierit.
946 2012 1099 2099 Namque
1122 2034 1196 2079 cum
1219 2013 1318 2079 armis
1340 2019 1375 2080 et
1396 2014 1502 2079 hosti·

450 2118 513 2184 bus
536 2117 781 2203 oircumsaeptus
803 2116 1002 2203 isariamque
1032 2115 1162 2181 videret
1183 2138 1218 2183 se
1240 2138 1309 2183 esse
1338 2116 1502 2203 perimen-

451 2220 543 2298 dum,
566 2221 675 2285 oravit
696 2240 755 2305 pro
778 2219 952 2283 animabus
975 2218 1137 2285 exercitus
1158 2220 1218 2285 sui.
1284 2218 1391 2298 Unde,
1416 2219 1502 2284 sicut

451 2320 687 2409 praediximus,⁴
725 2321 841 2386 dicunt
880 2321 917 2387 in
947 2322 1142 2407 proverbio:
1191 2322 1316 2398 “Deus
1350 2322 1501 2387 miserem

452 2425 625 2489 animabus
658 2424 788 2501 nostrie,
828 2423 916 2489 dixit
949 2429 1082 2490 sanctus
1115 2424 1288 2490 Oswaidus
1317 2424 1435 2490 uidens
1466 2425 1502 2489 in

450 2524 600 2593 terram.”

497 2628 579 2694 Ossa
606 2648 686 2693 vero
707 2627 795 2692 iiiius
825 2628 959 2695 condita
988 2635 1066 2694 sunt
1097 2630 1133 2695 in
1160 2630 1358 2696 monasterio
1381 2630 1503 2695 Barde-

285 2732 339 2781 25011
351 2732 381 2781 οἱ
388 2730 429 2782 his
452 2754 544 2819 neye,
569 2753 634 2818 quo
649 2753 749 2817 supra
771 2729 925 2797 diximus,
983 2732 1085 2797 Porro
1110 2740 1208 2820 caput
1231 2741 1266 2800 et
1288 2755 1405 2799 manus
1428 2756 1503 2799 cum

451 2835 593 2902 brachiis
623 2858 644 2900 a
680 2856 813 2922 corpore
845 2834 1004 2922 praecisas,
1036 2857 1118 2923 quas
1150 2858 1209 2902 rex
1232 2836 1290 2923 qui
1320 2858 1397 2903 eum
1418 2836 1502 2903 occi·

452 2941 547 3006 derat
572 2940 608 3004 in
638 2938 808 3025 stipitibus
829 2937 972 3004 iusserat
993 2940 1156 3026 suspendi,
1180 2945 1254 3027 poet
1275 2962 1354 3006 vero
1377 2961 1502 3006 annum

452 3042 688 3109 interfectionis
721 3041 919 3106 sanctissimi
950 3043 1036 3128 regis
1073 3043 1231 3128 praedicti,
1262 3046 1397 3110 veniens
1428 3063 1503 3112 oum

285 3157 394 3210 Beoiii.
408 3164 431 3207 a.
452 3147 598 3213 exercitu
627 3144 730 3210 frater
752 3145 822 3210 eius
843 3165 903 3208 rex
932 3143 1031 3222 Oswi,
1056 3167 1217 3212 successor
1239 3149 1341 3234 regni,
1365 3148 1505 3214 abstulit

453 3272 499 3328 ea,
531 3253 566 3314 et
603 3269 720 3312 manus
758 3267 832 3312 cum
869 3246 1011 3312 brachiis
1041 3248 1077 3314 in
1108 3251 1199 3337 regia
1233 3251 1377 3334 civitate,
1402 3275 1502 3339 quam

454 3347 723 3436 Bebbanburgh6
766 3349 881 3414 urbem
919 3355 1040 3416 vocant
1078 3351 1187 3438 Angli,
1226 3354 1333 3421 loculo
1370 3355 1504 3421 inclusae

453 3459 609 3540 argenteo
631 3452 668 3516 in
705 3451 837 3516 ecclesia
871 3453 977 3518 sancti
1008 3453 1099 3519 Petri
1129 3462 1312 3536 servantur,
1343 3481 1381 3525 ac
1403 3461 1504 3548 digno

454 3579 475 3621 a
503 3554 630 3620 cunctis
660 3553 783 3618 honore
821 3559 1031 3620 venerantur.
1111 3557 1286 3626 Brachium
1317 3584 1395 3629 vero
1425 3565 1504 3631 dex·

453 3665 544 3725 trum
592 3655 791 3722 sanctissimi
835 3656 930 3743 regis,
980 3660 1158 3726 secundum
1196 3665 1389 3732 vaticinium
1434 3667 1505 3734 sive

454 3759 715 3826 benedictionem
749 3758 932 3823 beatissimi
962 3760 1028 3824 viri
1059 3763 1199 3850 episcopi
1228 3766 1360 3846 Aidani,
1384 3771 1503 3848 nervis,

454 3885 551 3931 carne
565 3885 603 3929 ac
618 3867 693 3928 cute
707 3862 875 3948 integrum
891 3868 1005 3928 manet
1019 3885 1123 3950 usque
1146 3866 1181 3932 in
1196 3867 1391 3936 hodiernum
1408 3871 1503 3939 diem.

454 3968 586 4034 Dicitur
623 3970 734 4032 autem
772 3964 900 4030 dictum
931 3965 1101 4032 brachium
1140 3970 1180 4034 de
1210 3969 1349 4058 antiqua
1379 3975 1505 4061 requie·

453 4068 575 4138 tionis⁰
612 4090 680 4135 suae
717 4067 793 4134 sede
830 4065 945 4132 furtim
977 4067 1075 4134 fuisse
1109 4072 1285 4152 sublatum,
1323 4079 1424 4162 atque
1461 4079 1504 4144 sd

453 4172 688 4239 monasterium
719 4170 760 4236 de
799 4169 909 4255 Burgo
941 4169 1080 4252 illatum,
1111 4173 1274 4240 inclusum
1313 4199 1400 4243 nunc
1436 4201 1504 4245 esse

453 4276 491 4338 in
512 4273 630 4337 scrinio
654 4273 804 4357 pretioso,
832 4272 1083 4338 advenientium
1110 4277 1255 4342 ostentui
1278 4279 1502 4348 demonstran·

453 4376 541 4441 dum.
610 4373 719 4458 Caput
745 4395 824 4438 vero
857 4375 944 4459 regis
975 4374 1121 4442 Oswaldi
1152 4380 1257 4443 sancti
1288 4381 1436 4466 praedicti
1469 4385 1504 4448 in

456 4527 576 4535 .-..-—--
599 4527 754 4534 ..—-.—...—-—
780 4527 853 4533 .—-
864 4527 1154 4537 -n———Qu---—---—
1368 4537 1395 4543 .-.
1482 4539 1496 4546 —

489 4600 495 4628 ¹
508 4597 609 4663 ormo]
627 4603 735 4654 terreno,
753 4593 809 4645 MS.
819 4615 826 4654 3
852 4603 954 4658 aterno,
1039 4602 1047 4629 ⁴
1060 4600 1106 4651 Ch.
1120 4607 1159 4652 36.

454 4677 518 4728 Boo,
1038 4679 1251 4748 ‘Bebbonbrrpffl
1265 4683 1359 4745 Bebba,
1369 4683 1506 4738 Badius.

488 4758 617 4823 ’protios]
637 4771 686 4806 om.
698 4755 753 4808 MS.
789 4757 836 4809 See
846 4759 910 4808 Bed.
1039 4761 1049 4789 ⁶
1060 4762 1227 4830 requietionis]
1241 4763 1427 4830 requiescionis,
1439 4765 1497 4820 MS·

488 4839 498 4866 ³
509 4834 616 4886 solicitum
620 4835 689 4907 suit]
703 4837 791 4888 solitus
801 4837 842 4898 sit,
853 4838 916 4888 Bed.
