<?xml version="1.0" encoding="UTF-8"?>
<!DOCTYPE html PUBLIC "-//W3C//DTD XHTML 1.0 Transitional//EN"
    "http://www.w3.org/TR/xhtml1/DTD/xhtml1-transitional.dtd">
<html xmlns="http://www.w3.org/1999/xhtml" xml:lang="en" lang="en">
 <head>
  <title>
</title>
<meta http-equiv="Content-Type" content="text/html;charset=utf-8" />
  <meta name='ocr-system' content='tesseract 3.04.00' />
  <meta name='ocr-capabilities' content='ocr_page ocr_carea ocr_par ocr_line ocrx_word'/>
</head>
<body>
  <div class='ocr_page' id='page_1' title='image "./speculumhistori01mayogoog_0023.png"; bbox 0 0 3542 5800; ppageno 0'>
   <div class='ocr_carea' id='block_1_1' title="bbox 485 837 1260 905">
    <p class='ocr_par' dir='ltr' id='par_1_1' title="bbox 485 837 1260 905">
     <span class='ocr_line' id='line_1_1' title="bbox 485 837 1260 905; baseline 0.003 -2"><span class='ocrx_word' id='word_1_1' title='bbox 485 837 505 903; x_wconf 82' lang='lat' dir='ltr'><strong>t</strong></span> <span class='ocrx_word' id='word_1_2' title='bbox 748 850 814 901; x_wconf 88' lang='lat' dir='ltr'><strong>n1o.</strong></span> <span class='ocrx_word' id='word_1_3' title='bbox 838 850 1149 901; x_wconf 72' lang='lat' dir='ltr'><strong>numennumen</strong></span> <span class='ocrx_word' id='word_1_4' title='bbox 1173 851 1260 905; x_wconf 74' lang='lat' dir='ltr'><strong>lusu.</strong></span> 
     </span>
    </p>
   </div>
   <div class='ocr_carea' id='block_1_2' title="bbox 486 1028 1527 1200">
    <p class='ocr_par' dir='ltr' id='par_1_2' title="bbox 486 1028 1527 1200">
     <span class='ocr_line' id='line_1_2' title="bbox 486 1028 1527 1107; baseline -0.002 -19"><span class='ocrx_word' id='word_1_5' title='bbox 486 1028 532 1088; x_wconf 87' lang='lat' dir='ltr'><strong>Ut</strong></span> <span class='ocrx_word' id='word_1_6' title='bbox 544 1029 650 1089; x_wconf 83' lang='lat' dir='ltr'><strong>Cortik</strong></span> <span class='ocrx_word' id='word_1_7' title='bbox 664 1031 780 1107; x_wconf 79' lang='lat' dir='ltr'><strong>primun</strong></span> <span class='ocrx_word' id='word_1_8' title='bbox 798 1050 854 1089; x_wconf 80' lang='lat' dir='ltr'><strong>nox</strong></span> <span class='ocrx_word' id='word_1_9' title='bbox 869 1029 1108 1089; x_wconf 81' lang='lat' dir='ltr'><strong>Occidentalium</strong></span> <span class='ocrx_word' id='word_1_10' title='bbox 1131 1030 1283 1090; x_wconf 82' lang='lat' dir='ltr'><strong>Saxonum</strong></span> <span class='ocrx_word' id='word_1_11' title='bbox 1297 1031 1432 1091; x_wconf 83' lang='lat' dir='ltr'><strong>venitin</strong></span> <span class='ocrx_word' id='word_1_12' title='bbox 1454 1029 1527 1087; x_wconf 86' lang='lat' dir='ltr'>Bre-</span> 
     </span>
     <span class='ocr_line' id='line_1_3' title="bbox 523 1121 868 1200; baseline -0.003 -20"><span class='ocrx_word' id='word_1_13' title='bbox 523 1122 667 1181; x_wconf 83' lang='lat' dir='ltr'><strong>tunniam.</strong></span> <span class='ocrx_word' id='word_1_14' title='bbox 714 1121 787 1200; x_wconf 80' lang='lat' dir='ltr'><strong>Cap.</strong></span> <span class='ocrx_word' id='word_1_15' title='bbox 802 1122 868 1180; x_wconf 90' lang='lat' dir='ltr'>xix.</span> 
     </span>
    </p>
   </div>
   <div class='ocr_carea' id='block_1_3' title="bbox 484 1224 1528 1485">
    <p class='ocr_par' dir='ltr' id='par_1_3' title="bbox 484 1224 1528 1485">
     <span class='ocr_line' id='line_1_4' title="bbox 484 1224 1528 1304; baseline -0.004 -18"><span class='ocrx_word' id='word_1_16' title='bbox 484 1224 531 1286; x_wconf 93' lang='lat' dir='ltr'><strong>De</strong></span> <span class='ocrx_word' id='word_1_17' title='bbox 564 1227 755 1287; x_wconf 76' lang='lat' dir='ltr'><strong>coronatione</strong></span> <span class='ocrx_word' id='word_1_18' title='bbox 788 1224 1071 1302; x_wconf 84' lang='lat' dir='ltr'><strong>Utherpendragou,</strong></span> <span class='ocrx_word' id='word_1_19' title='bbox 1106 1234 1136 1285; x_wconf 87' lang='lat' dir='ltr'><strong>ot</strong></span> <span class='ocrx_word' id='word_1_20' title='bbox 1170 1227 1315 1304; x_wconf 91' lang='lat' dir='ltr'><strong>quomodo</strong></span> <span class='ocrx_word' id='word_1_21' title='bbox 1344 1226 1422 1285; x_wconf 85' lang='lat' dir='ltr'><strong>Octa</strong></span> <span class='ocrx_word' id='word_1_22' title='bbox 1438 1225 1528 1283; x_wconf 65' lang='lat' dir='ltr'><strong>iilius</strong></span> 
     </span>
     <span class='ocr_line' id='line_1_5' title="bbox 524 1315 1527 1395; baseline -0.003 -20"><span class='ocrx_word' id='word_1_23' title='bbox 524 1317 667 1394; x_wconf 82' lang='lat' dir='ltr'><strong>Hengisti</strong></span> <span class='ocrx_word' id='word_1_24' title='bbox 701 1325 791 1395; x_wconf 81' lang='lat' dir='ltr'><strong>atque</strong></span> <span class='ocrx_word' id='word_1_25' title='bbox 818 1315 897 1377; x_wconf 78' lang='lat' dir='ltr'><strong>Cosa</strong></span> <span class='ocrx_word' id='word_1_26' title='bbox 923 1323 1068 1393; x_wconf 85' lang='lat' dir='ltr'><strong>cognatus</strong></span> <span class='ocrx_word' id='word_1_27' title='bbox 1091 1334 1163 1375; x_wconf 84' lang='lat' dir='ltr'><strong>euna</strong></span> <span class='ocrx_word' id='word_1_28' title='bbox 1190 1316 1285 1377; x_wconf 87' lang='lat' dir='ltr'><strong>moliti</strong></span> <span class='ocrx_word' id='word_1_29' title='bbox 1313 1324 1383 1377; x_wconf 83' lang='lat' dir='ltr'><strong>eunt</strong></span> <span class='ocrx_word' id='word_1_30' title='bbox 1416 1316 1527 1377; x_wconf 89' lang='lat' dir='ltr'><strong>bellum</strong></span> 
     </span>
     <span class='ocr_line' id='line_1_6' title="bbox 523 1405 1195 1485; baseline -0.004 -17"><span class='ocrx_word' id='word_1_31' title='bbox 523 1427 643 1468; x_wconf 85' lang='lat' dir='ltr'><strong>movere</strong></span> <span class='ocrx_word' id='word_1_32' title='bbox 656 1416 688 1470; x_wconf 87' lang='lat' dir='ltr'><strong>et</strong></span> <span class='ocrx_word' id='word_1_33' title='bbox 701 1427 770 1469; x_wconf 83' lang='lat' dir='ltr'><strong>euos</strong></span> <span class='ocrx_word' id='word_1_34' title='bbox 783 1409 858 1467; x_wconf 79' lang='lat' dir='ltr'><strong>fines</strong></span> <span class='ocrx_word' id='word_1_35' title='bbox 871 1408 1006 1467; x_wconf 78' lang='lat' dir='ltr'><strong>dilatare.</strong></span> <span class='ocrx_word' id='word_1_36' title='bbox 1053 1405 1125 1485; x_wconf 79' lang='lat' dir='ltr'><strong>Cap.</strong></span> <span class='ocrx_word' id='word_1_37' title='bbox 1141 1427 1195 1485; x_wconf 80' lang='lat' dir='ltr'><strong>xx.</strong></span> 
     </span>
    </p>
   </div>
   <div class='ocr_carea' id='block_1_4' title="bbox 483 1510 1257 1589">
    <p class='ocr_par' dir='ltr' id='par_1_4' title="bbox 483 1510 1257 1589">
     <span class='ocr_line' id='line_1_7' title="bbox 483 1510 1257 1589; baseline -0.003 -18"><span class='ocrx_word' id='word_1_38' title='bbox 483 1511 574 1572; x_wconf 87' lang='lat' dir='ltr'><strong>Unde</strong></span> <span class='ocrx_word' id='word_1_39' title='bbox 586 1513 799 1572; x_wconf 81' lang='lat' dir='ltr'><strong>Porteemouth</strong></span> <span class='ocrx_word' id='word_1_40' title='bbox 812 1518 920 1571; x_wconf 81' lang='lat' dir='ltr'><strong>nomen</strong></span> <span class='ocrx_word' id='word_1_41' title='bbox 934 1511 1057 1588; x_wconf 81' lang='lat' dir='ltr'><strong>accepit.</strong></span> <span class='ocrx_word' id='word_1_42' title='bbox 1103 1510 1176 1589; x_wconf 76' lang='lat' dir='ltr'><strong>Cap.</strong></span> <span class='ocrx_word' id='word_1_43' title='bbox 1192 1511 1257 1570; x_wconf 86' lang='lat' dir='ltr'>xxi.</span> 
     </span>
    </p>
   </div>
   <div class='ocr_carea' id='block_1_5' title="bbox 483 1614 1524 1786">
    <p class='ocr_par' dir='ltr' id='par_1_5' title="bbox 483 1614 1524 1786">
     <span class='ocr_line' id='line_1_8' title="bbox 483 1614 1524 1694; baseline -0.003 -18"><span class='ocrx_word' id='word_1_44' title='bbox 483 1615 588 1676; x_wconf 83' lang='lat' dir='ltr'><strong>Certik</strong></span> <span class='ocrx_word' id='word_1_45' title='bbox 608 1625 639 1677; x_wconf 88' lang='lat' dir='ltr'><strong>et</strong></span> <span class='ocrx_word' id='word_1_46' title='bbox 660 1617 739 1676; x_wconf 78' lang='lat' dir='ltr'><strong>iilius</strong></span> <span class='ocrx_word' id='word_1_47' title='bbox 760 1617 825 1675; x_wconf 81' lang='lat' dir='ltr'><strong>eiua</strong></span> <span class='ocrx_word' id='word_1_48' title='bbox 848 1614 988 1694; x_wconf 81' lang='lat' dir='ltr'><strong>Kynerik</strong></span> <span class='ocrx_word' id='word_1_49' title='bbox 1012 1614 1159 1674; x_wconf 78' lang='lat' dir='ltr'><strong>Bretouou</strong></span> <span class='ocrx_word' id='word_1_50' title='bbox 1182 1616 1219 1674; x_wconf 83' lang='lat' dir='ltr'><strong>ad</strong></span> <span class='ocrx_word' id='word_1_51' title='bbox 1243 1614 1356 1676; x_wconf 86' lang='lat' dir='ltr'><strong>bellum</strong></span> <span class='ocrx_word' id='word_1_52' title='bbox 1379 1633 1524 1691; x_wconf 78' lang='lat' dir='ltr'><strong>provoco·</strong></span> 
     </span>
     <span class='ocr_line' id='line_1_9' title="bbox 523 1706 1021 1786; baseline -0.014 -18"><span class='ocrx_word' id='word_1_53' title='bbox 523 1716 640 1769; x_wconf 79' lang='lat' dir='ltr'><strong>verunt.</strong></span> <span class='ocrx_word' id='word_1_54' title='bbox 686 1708 758 1786; x_wconf 83' lang='lat' dir='ltr'><strong>Cap.</strong></span> <span class='ocrx_word' id='word_1_55' title='bbox 774 1706 852 1765; x_wconf 91' lang='lat' dir='ltr'>xxii.</span> <span class='ocrx_word' id='word_1_56' title='bbox 1019 1726 1021 1733; x_wconf 64' lang='lat'><strong><em>¹</em></strong></span> 
     </span>
    </p>
   </div>
   <div class='ocr_carea' id='block_1_6' title="bbox 485 1786 1454 1889">
    <p class='ocr_par' dir='ltr' id='par_1_6' title="bbox 485 1786 1454 1889">
     <span class='ocr_line' id='line_1_10' title="bbox 485 1786 1454 1889; baseline -0.004 -18"><span class='ocrx_word' id='word_1_57' title='bbox 485 1811 638 1884; x_wconf 85' lang='lat' dir='ltr'><strong>Quomodo</strong></span> <span class='ocrx_word' id='word_1_58' title='bbox 653 1810 730 1873; x_wconf 84' lang='lat' dir='ltr'><strong>Oeta</strong></span> <span class='ocrx_word' id='word_1_59' title='bbox 742 1820 773 1870; x_wconf 89' lang='lat' dir='ltr'><strong>et</strong></span> <span class='ocrx_word' id='word_1_60' title='bbox 787 1809 866 1870; x_wconf 79' lang='lat' dir='ltr'><strong>Cosa</strong></span> <span class='ocrx_word' id='word_1_61' title='bbox 878 1808 916 1869; x_wconf 87' lang='lat' dir='ltr'><strong>de</strong></span> <span class='ocrx_word' id='word_1_62' title='bbox 930 1826 1049 1869; x_wconf 85' lang='lat' dir='ltr'>carcere</span> <span class='ocrx_word' id='word_1_63' title='bbox 1062 1786 1231 1869; x_wconf 69' lang='lat' dir='ltr'><strong>evaserunt.</strong></span> <span class='ocrx_word' id='word_1_64' title='bbox 1278 1808 1350 1889; x_wconf 76' lang='lat' dir='ltr'><strong>Cup.</strong></span> <span class='ocrx_word' id='word_1_65' title='bbox 1366 1809 1454 1867; x_wconf 90' lang='lat' dir='ltr'><strong>xxiii.</strong></span> 
     </span>
    </p>
   </div>
   <div class='ocr_carea' id='block_1_7' title="bbox 483 1914 1526 2083">
    <p class='ocr_par' dir='ltr' id='par_1_7' title="bbox 483 1914 1526 2083">
     <span class='ocr_line' id='line_1_11' title="bbox 483 1914 1526 1988; baseline -0.003 -13"><span class='ocrx_word' id='word_1_66' title='bbox 483 1914 638 1988; x_wconf 87' lang='lat' dir='ltr'><strong>Quomodo</strong></span> <span class='ocrx_word' id='word_1_67' title='bbox 660 1915 795 1977; x_wconf 76' lang='lat' dir='ltr'><strong>Suonee</strong></span> <span class='ocrx_word' id='word_1_68' title='bbox 816 1920 1021 1973; x_wconf 81' lang='lat' dir='ltr'><strong>convenerunt</strong></span> <span class='ocrx_word' id='word_1_69' title='bbox 1034 1932 1135 1971; x_wconf 82' lang='lat' dir='ltr'><strong>omnen</strong></span> <span class='ocrx_word' id='word_1_70' title='bbox 1155 1914 1187 1971; x_wconf 92' lang='lat' dir='ltr'><strong>in</strong></span> <span class='ocrx_word' id='word_1_71' title='bbox 1202 1932 1302 1987; x_wconf 89' lang='lat' dir='ltr'><strong>unum,</strong></span> <span class='ocrx_word' id='word_1_72' title='bbox 1319 1920 1354 1973; x_wconf 88' lang='lat' dir='ltr'><strong>nt</strong></span> <span class='ocrx_word' id='word_1_73' title='bbox 1373 1914 1526 1975; x_wconf 83' lang='lat' dir='ltr'><strong>insulanos</strong></span> 
     </span>
     <span class='ocr_line' id='line_1_12' title="bbox 523 2004 1168 2083; baseline -0.006 -16"><span class='ocrx_word' id='word_1_74' title='bbox 523 2008 665 2067; x_wconf 82' lang='lat' dir='ltr'><strong>afinibua</strong></span> <span class='ocrx_word' id='word_1_75' title='bbox 679 2007 741 2067; x_wconf 81' lang='lat' dir='ltr'><strong>suis</strong></span> <span class='ocrx_word' id='word_1_76' title='bbox 753 2005 948 2083; x_wconf 79' lang='lat' dir='ltr'>expellerent.</span> <span class='ocrx_word' id='word_1_77' title='bbox 995 2004 1067 2081; x_wconf 85' lang='lat' dir='ltr'><strong>Cap.</strong></span> <span class='ocrx_word' id='word_1_78' title='bbox 1082 2004 1168 2063; x_wconf 77' lang='lat' dir='ltr'>xxIv.</span> 
     </span>
    </p>
   </div>
   <div class='ocr_carea' id='block_1_8' title="bbox 482 2108 1526 2281">
    <p class='ocr_par' dir='ltr' id='par_1_8' title="bbox 482 2108 1526 2281">
     <span class='ocr_line' id='line_1_13' title="bbox 482 2108 1526 2187; baseline -0.002 -16"><span class='ocrx_word' id='word_1_79' title='bbox 482 2108 529 2171; x_wconf 88' lang='lat' dir='ltr'><strong>Ut</strong></span> <span class='ocrx_word' id='word_1_80' title='bbox 561 2110 832 2187; x_wconf 85' lang='lat' dir='ltr'><strong>Utherpendragon</strong></span> <span class='ocrx_word' id='word_1_81' title='bbox 870 2110 903 2167; x_wconf 88' lang='lat' dir='ltr'><strong>in</strong></span> <span class='ocrx_word' id='word_1_82' title='bbox 935 2108 1043 2167; x_wconf 86' lang='lat' dir='ltr'><strong>lection</strong></span> <span class='ocrx_word' id='word_1_83' title='bbox 1075 2116 1211 2184; x_wconf 80' lang='lat' dir='ltr'><strong>portatus</strong></span> <span class='ocrx_word' id='word_1_84' title='bbox 1241 2108 1375 2169; x_wconf 74' lang='lat' dir='ltr'><strong>Saxones</strong></span> <span class='ocrx_word' id='word_1_85' title='bbox 1409 2110 1526 2170; x_wconf 82' lang='lat' dir='ltr'><strong>vicerit.</strong></span> 
     </span>
     <span class='ocr_line' id='line_1_14' title="bbox 526 2202 689 2281; baseline -0.012 -20"><span class='ocrx_word' id='word_1_86' title='bbox 526 2202 599 2281; x_wconf 80' lang='lat' dir='ltr'><strong>Cap.</strong></span> <span class='ocrx_word' id='word_1_87' title='bbox 615 2220 689 2259; x_wconf 85' lang='lat' dir='ltr'>xxv.</span> 
     </span>
    </p>
   </div>
   <div class='ocr_carea' id='block_1_9' title="bbox 482 2301 1430 2381">
    <p class='ocr_par' dir='ltr' id='par_1_9' title="bbox 482 2301 1430 2381">
     <span class='ocr_line' id='line_1_15' title="bbox 482 2301 1430 2381; baseline -0.004 -16"><span class='ocrx_word' id='word_1_88' title='bbox 482 2306 530 2365; x_wconf 85' lang='lat' dir='ltr'><strong>De</strong></span> <span class='ocrx_word' id='word_1_89' title='bbox 547 2312 643 2365; x_wconf 85' lang='lat' dir='ltr'><strong>morte</strong></span> <span class='ocrx_word' id='word_1_90' title='bbox 660 2304 736 2363; x_wconf 80' lang='lat' dir='ltr'><strong>Elin</strong></span> <span class='ocrx_word' id='word_1_91' title='bbox 748 2305 829 2381; x_wconf 75' lang='lat' dir='ltr'><strong>regio</strong></span> <span class='ocrx_word' id='word_1_92' title='bbox 842 2302 1031 2363; x_wconf 80' lang='lat' dir='ltr'><strong>Australium</strong></span> <span class='ocrx_word' id='word_1_93' title='bbox 1047 2301 1208 2363; x_wconf 76' lang='lat' dir='ltr'><strong>Saxonum.</strong></span> <span class='ocrx_word' id='word_1_94' title='bbox 1255 2301 1328 2381; x_wconf 83' lang='lat' dir='ltr'><strong>Cap.</strong></span> <span class='ocrx_word' id='word_1_95' title='bbox 1344 2304 1430 2362; x_wconf 86' lang='lat' dir='ltr'>xxvi.</span> 
     </span>
    </p>
   </div>
   <div class='ocr_carea' id='block_1_10' title="bbox 483 2405 1525 2577">
    <p class='ocr_par' dir='ltr' id='par_1_10' title="bbox 483 2405 1525 2577">
     <span class='ocr_line' id='line_1_16' title="bbox 483 2405 1525 2485; baseline -0.004 -16"><span class='ocrx_word' id='word_1_96' title='bbox 483 2407 571 2483; x_wconf 88' lang='lat' dir='ltr'><strong>Quod</strong></span> <span class='ocrx_word' id='word_1_97' title='bbox 590 2407 731 2469; x_wconf 83' lang='lat' dir='ltr'><strong>defuncto</strong></span> <span class='ocrx_word' id='word_1_98' title='bbox 750 2424 821 2485; x_wconf 81' lang='lat' dir='ltr'>rege</span> <span class='ocrx_word' id='word_1_99' title='bbox 842 2405 1116 2483; x_wconf 77' lang='lat' dir='ltr'><strong>Utherpondrogon</strong></span> <span class='ocrx_word' id='word_1_100' title='bbox 1135 2406 1290 2466; x_wconf 82' lang='lat' dir='ltr'><strong>Arthurus</strong></span> <span class='ocrx_word' id='word_1_101' title='bbox 1310 2406 1390 2466; x_wconf 80' lang='lat' dir='ltr'><strong>filiun</strong></span> <span class='ocrx_word' id='word_1_102' title='bbox 1409 2408 1473 2467; x_wconf 84' lang='lat' dir='ltr'><strong>eius</strong></span> <span class='ocrx_word' id='word_1_103' title='bbox 1493 2409 1525 2465; x_wconf 88' lang='lat' dir='ltr'><strong>in</strong></span> 
     </span>
     <span class='ocr_line' id='line_1_17' title="bbox 521 2496 1235 2577; baseline -0.006 -18"><span class='ocrx_word' id='word_1_104' title='bbox 521 2518 623 2577; x_wconf 86' lang='lat' dir='ltr'>regem</span> <span class='ocrx_word' id='word_1_105' title='bbox 636 2500 803 2560; x_wconf 80' lang='lat' dir='ltr'><strong>Bratanum</strong></span> <span class='ocrx_word' id='word_1_106' title='bbox 816 2506 862 2559; x_wconf 82' lang='lat' dir='ltr'><strong>eet</strong></span> <span class='ocrx_word' id='word_1_107' title='bbox 875 2505 1002 2558; x_wconf 81' lang='lat' dir='ltr'><strong>erectus.</strong></span> <span class='ocrx_word' id='word_1_108' title='bbox 1049 2496 1121 2576; x_wconf 83' lang='lat' dir='ltr'><strong>Cup.</strong></span> <span class='ocrx_word' id='word_1_109' title='bbox 1137 2498 1235 2557; x_wconf 81' lang='lat' dir='ltr'>xxvii.</span> 
     </span>
    </p>
   </div>
   <div class='ocr_carea' id='block_1_11' title="bbox 482 2599 1526 3164">
    <p class='ocr_par' dir='ltr' id='par_1_11' title="bbox 483 2599 1524 2771">
     <span class='ocr_line' id='line_1_18' title="bbox 483 2599 1524 2665; baseline -0.003 -1"><span class='ocrx_word' id='word_1_110' title='bbox 483 2603 529 2664; x_wconf 82' lang='lat' dir='ltr'><strong>Ut</strong></span> <span class='ocrx_word' id='word_1_111' title='bbox 550 2604 613 2663; x_wconf 87' lang='lat' dir='ltr'><strong>dux</strong></span> <span class='ocrx_word' id='word_1_112' title='bbox 629 2602 806 2665; x_wconf 83' lang='lat' dir='ltr'><strong>Cheldrious</strong></span> <span class='ocrx_word' id='word_1_113' title='bbox 825 2602 910 2662; x_wconf 86' lang='lat' dir='ltr'><strong>venit</strong></span> <span class='ocrx_word' id='word_1_114' title='bbox 929 2599 1120 2661; x_wconf 83' lang='lat' dir='ltr'><strong>uGermanis</strong></span> <span class='ocrx_word' id='word_1_115' title='bbox 1139 2602 1171 2660; x_wconf 90' lang='lat' dir='ltr'><strong>in</strong></span> <span class='ocrx_word' id='word_1_116' title='bbox 1194 2601 1324 2661; x_wconf 78' lang='lat' dir='ltr'><strong>navibus</strong></span> <span class='ocrx_word' id='word_1_117' title='bbox 1347 2618 1415 2663; x_wconf 83' lang='lat' dir='ltr'><strong>noo.</strong></span> <span class='ocrx_word' id='word_1_118' title='bbox 1437 2610 1469 2663; x_wconf 85' lang='lat' dir='ltr'><strong>et</strong></span> <span class='ocrx_word' id='word_1_119' title='bbox 1492 2604 1524 2661; x_wconf 91' lang='lat' dir='ltr'><strong>in</strong></span> 
     </span>
     <span class='ocr_line' id='line_1_19' title="bbox 521 2691 1096 2771; baseline -0.01 -14"><span class='ocrx_word' id='word_1_120' title='bbox 521 2694 684 2757; x_wconf 75' lang='lat' dir='ltr'><strong>Albaniam</strong></span> <span class='ocrx_word' id='word_1_121' title='bbox 698 2693 850 2771; x_wconf 83' lang='lat' dir='ltr'><strong>applicuit</strong></span> <span class='ocrx_word' id='word_1_122' title='bbox 898 2691 970 2769; x_wconf 84' lang='lat' dir='ltr'><strong>Cap.</strong></span> <span class='ocrx_word' id='word_1_123' title='bbox 985 2692 1096 2751; x_wconf 82' lang='lat' dir='ltr'><strong>xxviii.</strong></span> 
     </span>
    </p>

    <p class='ocr_par' dir='ltr' id='par_1_12' title="bbox 482 2794 1526 2968">
     <span class='ocr_line' id='line_1_20' title="bbox 482 2794 1526 2875; baseline -0.001 -16"><span class='ocrx_word' id='word_1_124' title='bbox 482 2796 528 2859; x_wconf 89' lang='lat' dir='ltr'><strong>Ut</strong></span> <span class='ocrx_word' id='word_1_125' title='bbox 540 2799 620 2875; x_wconf 86' lang='lat' dir='ltr'><strong>opud</strong></span> <span class='ocrx_word' id='word_1_126' title='bbox 632 2797 819 2857; x_wconf 87' lang='lat' dir='ltr'><strong>Lineolniam</strong></span> <span class='ocrx_word' id='word_1_127' title='bbox 835 2796 1005 2857; x_wconf 76' lang='lat' dir='ltr'><strong>saxonibus</strong></span> <span class='ocrx_word' id='word_1_128' title='bbox 1019 2796 1159 2869; x_wconf 84' lang='lat' dir='ltr'><strong>inventis,</strong></span> <span class='ocrx_word' id='word_1_129' title='bbox 1176 2794 1330 2857; x_wconf 82' lang='lat' dir='ltr'><strong>Arthurus</strong></span> <span class='ocrx_word' id='word_1_130' title='bbox 1344 2798 1417 2859; x_wconf 84' lang='lat' dir='ltr'><strong>feeit</strong></span> <span class='ocrx_word' id='word_1_131' title='bbox 1430 2817 1469 2859; x_wconf 87' lang='lat' dir='ltr'><strong>ex</strong></span> <span class='ocrx_word' id='word_1_132' title='bbox 1482 2800 1526 2859; x_wconf 84' lang='lat' dir='ltr'><strong>eis</strong></span> 
     </span>
     <span class='ocr_line' id='line_1_21' title="bbox 521 2886 1059 2968; baseline -0.009 -18"><span class='ocrx_word' id='word_1_133' title='bbox 521 2897 652 2968; x_wconf 81' lang='lat' dir='ltr'><strong>stragem</strong></span> <span class='ocrx_word' id='word_1_134' title='bbox 665 2888 840 2949; x_wconf 84' lang='lat' dir='ltr'><strong>inauditam.</strong></span> <span class='ocrx_word' id='word_1_135' title='bbox 884 2886 957 2967; x_wconf 77' lang='lat' dir='ltr'><strong>Cap.</strong></span> <span class='ocrx_word' id='word_1_136' title='bbox 973 2887 1059 2946; x_wconf 85' lang='lat' dir='ltr'>xxix.</span> 
     </span>
    </p>

    <p class='ocr_par' dir='ltr' id='par_1_13' title="bbox 483 2991 1524 3164">
     <span class='ocr_line' id='line_1_22' title="bbox 483 2991 1524 3072; baseline -0.002 -17"><span class='ocrx_word' id='word_1_137' title='bbox 483 2995 636 3068; x_wconf 81' lang='lat' dir='ltr'><strong>Quomodo</strong></span> <span class='ocrx_word' id='word_1_138' title='bbox 658 2994 801 3072; x_wconf 87' lang='lat' dir='ltr'><strong>poenituit</strong></span> <span class='ocrx_word' id='word_1_139' title='bbox 822 2991 1008 3070; x_wconf 81' lang='lat' dir='ltr'><strong>Colgrinum,</strong></span> <span class='ocrx_word' id='word_1_140' title='bbox 1037 2991 1248 3072; x_wconf 82' lang='lat' dir='ltr'><strong>Buldulphum‚</strong></span> <span class='ocrx_word' id='word_1_141' title='bbox 1272 3001 1304 3052; x_wconf 86' lang='lat' dir='ltr'><strong>et</strong></span> <span class='ocrx_word' id='word_1_142' title='bbox 1331 2993 1524 3054; x_wconf 85' lang='lat' dir='ltr'><strong>Cheldricum</strong></span> 
     </span>
     <span class='ocr_line' id='line_1_23' title="bbox 520 3081 1212 3164; baseline -0.01 -17"><span class='ocrx_word' id='word_1_143' title='bbox 520 3095 641 3164; x_wconf 80' lang='lat' dir='ltr'><strong>paetum</strong></span> <span class='ocrx_word' id='word_1_144' title='bbox 654 3104 723 3145; x_wconf 87' lang='lat' dir='ltr'><strong>oum</strong></span> <span class='ocrx_word' id='word_1_145' title='bbox 735 3084 874 3144; x_wconf 83' lang='lat' dir='ltr'><strong>Arthuro</strong></span> <span class='ocrx_word' id='word_1_146' title='bbox 888 3082 1001 3144; x_wconf 82' lang='lat' dir='ltr'><strong>fecisse.</strong></span> <span class='ocrx_word' id='word_1_147' title='bbox 1048 3081 1121 3162; x_wconf 82' lang='lat' dir='ltr'><strong>Cap.</strong></span> <span class='ocrx_word' id='word_1_148' title='bbox 1137 3103 1212 3141; x_wconf 85' lang='lat' dir='ltr'>xxx.</span> 
     </span>
    </p>
   </div>
   <div class='ocr_carea' id='block_1_12' title="bbox 482 3198 1524 3643">
    <p class='ocr_par' dir='ltr' id='par_1_14' title="bbox 482 3198 1524 3643">
     <span class='ocr_line' id='line_1_24' title="bbox 482 3198 1524 3275; baseline -0.004 -13"><span class='ocrx_word' id='word_1_149' title='bbox 482 3202 635 3275; x_wconf 87' lang='lat' dir='ltr'><strong>Quomodo</strong></span> <span class='ocrx_word' id='word_1_150' title='bbox 656 3202 843 3272; x_wconf 84' lang='lat' dir='ltr'><strong>Mordredus‚</strong></span> <span class='ocrx_word' id='word_1_151' title='bbox 857 3200 905 3260; x_wconf 88' lang='lat' dir='ltr'><strong>oui</strong></span> <span class='ocrx_word' id='word_1_152' title='bbox 928 3199 1083 3258; x_wconf 84' lang='lat' dir='ltr'><strong>Arthurus</strong></span> <span class='ocrx_word' id='word_1_153' title='bbox 1103 3198 1267 3260; x_wconf 83' lang='lat' dir='ltr'><strong>custodiam</strong></span> <span class='ocrx_word' id='word_1_154' title='bbox 1288 3201 1379 3258; x_wconf 81' lang='lat' dir='ltr'><strong>totius</strong></span> <span class='ocrx_word' id='word_1_155' title='bbox 1400 3199 1524 3260; x_wconf 87' lang='lat' dir='ltr'><strong>Britan-</strong></span> 
     </span>
     <span class='ocr_line' id='line_1_25' title="bbox 520 3287 1524 3368; baseline 0.001 -17"><span class='ocrx_word' id='word_1_156' title='bbox 520 3295 578 3352; x_wconf 84' lang='lat' dir='ltr'><strong>nioe</strong></span> <span class='ocrx_word' id='word_1_157' title='bbox 591 3287 659 3351; x_wconf 81' lang='lat' dir='ltr'><strong>oum</strong></span> <span class='ocrx_word' id='word_1_158' title='bbox 673 3311 767 3350; x_wconf 87' lang='lat' dir='ltr'><strong>uxore</strong></span> <span class='ocrx_word' id='word_1_159' title='bbox 781 3310 835 3351; x_wconf 83' lang='lat' dir='ltr'><strong>ena</strong></span> <span class='ocrx_word' id='word_1_160' title='bbox 846 3291 1002 3360; x_wconf 81' lang='lat' dir='ltr'><strong>commisit,</strong></span> <span class='ocrx_word' id='word_1_161' title='bbox 1014 3296 1156 3366; x_wconf 79' lang='lat' dir='ltr'><strong>appetens</strong></span> <span class='ocrx_word' id='word_1_162' title='bbox 1170 3291 1202 3348; x_wconf 91' lang='lat' dir='ltr'><strong>in</strong></span> <span class='ocrx_word' id='word_1_163' title='bbox 1216 3290 1376 3351; x_wconf 76' lang='lat' dir='ltr'><strong>Britannia</strong></span> <span class='ocrx_word' id='word_1_164' title='bbox 1388 3310 1524 3368; x_wconf 81' lang='lat' dir='ltr'><strong>regnare,</strong></span> 
     </span>
     <span class='ocr_line' id='line_1_26' title="bbox 520 3381 1524 3458; baseline 0 -16"><span class='ocrx_word' id='word_1_165' title='bbox 520 3384 615 3443; x_wconf 88' lang='lat' dir='ltr'><strong>aolum</strong></span> <span class='ocrx_word' id='word_1_166' title='bbox 642 3381 801 3442; x_wconf 85' lang='lat' dir='ltr'><strong>Cerdicum</strong></span> <span class='ocrx_word' id='word_1_167' title='bbox 834 3399 936 3458; x_wconf 71' lang='lat' dir='ltr'>regem</span> <span class='ocrx_word' id='word_1_168' title='bbox 964 3381 1202 3440; x_wconf 81' lang='lat' dir='ltr'><strong>Oooidontolium</strong></span> <span class='ocrx_word' id='word_1_169' title='bbox 1233 3381 1386 3441; x_wconf 81' lang='lat' dir='ltr'><strong>Saxonum</strong></span> <span class='ocrx_word' id='word_1_170' title='bbox 1407 3382 1524 3456; x_wconf 82' lang='lat' dir='ltr'><strong>timens,</strong></span> 
     </span>
     <span class='ocr_line' id='line_1_27' title="bbox 521 3471 1522 3550; baseline 0.002 -18"><span class='ocrx_word' id='word_1_171' title='bbox 521 3475 604 3533; x_wconf 84' lang='lat' dir='ltr'><strong>dedit</strong></span> <span class='ocrx_word' id='word_1_172' title='bbox 626 3474 721 3532; x_wconf 88' lang='lat' dir='ltr'><strong>eidem</strong></span> <span class='ocrx_word' id='word_1_173' title='bbox 748 3471 884 3544; x_wconf 83' lang='lat' dir='ltr'><strong>Oerdioo,</strong></span> <span class='ocrx_word' id='word_1_174' title='bbox 912 3479 946 3530; x_wconf 90' lang='lat' dir='ltr'><strong>ut</strong></span> <span class='ocrx_word' id='word_1_175' title='bbox 972 3471 1032 3530; x_wconf 83' lang='lat' dir='ltr'><strong>eibi</strong></span> <span class='ocrx_word' id='word_1_176' title='bbox 1052 3471 1176 3545; x_wconf 80' lang='lat' dir='ltr'><strong>faveret,</strong></span> <span class='ocrx_word' id='word_1_177' title='bbox 1204 3480 1316 3550; x_wconf 78' lang='lat' dir='ltr'><strong>septem</strong></span> <span class='ocrx_word' id='word_1_178' title='bbox 1344 3472 1522 3550; x_wconf 77' lang='lat' dir='ltr'><strong>provincias.</strong></span> 
     </span>
     <span class='ocr_line' id='line_1_28' title="bbox 526 3564 702 3643; baseline -0.011 -19"><span class='ocrx_word' id='word_1_179' title='bbox 526 3565 598 3643; x_wconf 83' lang='lat' dir='ltr'><strong>Cap.</strong></span> <span class='ocrx_word' id='word_1_180' title='bbox 614 3564 702 3622; x_wconf 87' lang='lat' dir='ltr'>xxxi.</span> 
     </span>
    </p>
   </div>
   <div class='ocr_carea' id='block_1_13' title="bbox 481 3662 1525 3834">
    <p class='ocr_par' dir='ltr' id='par_1_15' title="bbox 481 3662 1525 3834">
     <span class='ocr_line' id='line_1_29' title="bbox 481 3662 1525 3746; baseline -0.001 -16"><span class='ocrx_word' id='word_1_181' title='bbox 481 3668 586 3730; x_wconf 84' lang='lat' dir='ltr'><strong>Oertik</strong></span> <span class='ocrx_word' id='word_1_182' title='bbox 600 3669 714 3746; x_wconf 78' lang='lat' dir='ltr'><strong>primus</strong></span> <span class='ocrx_word' id='word_1_183' title='bbox 727 3685 783 3725; x_wconf 89' lang='lat' dir='ltr'><strong>rex</strong></span> <span class='ocrx_word' id='word_1_184' title='bbox 797 3662 1036 3725; x_wconf 80' lang='lat' dir='ltr'><strong>occidentalium</strong></span> <span class='ocrx_word' id='word_1_185' title='bbox 1053 3665 1206 3726; x_wconf 85' lang='lat' dir='ltr'><strong>Saxonum</strong></span> <span class='ocrx_word' id='word_1_186' title='bbox 1219 3667 1303 3740; x_wconf 77' lang='lat' dir='ltr'><strong>obiit,</strong></span> <span class='ocrx_word' id='word_1_187' title='bbox 1315 3669 1364 3728; x_wconf 91' lang='lat' dir='ltr'><strong>oui</strong></span> <span class='ocrx_word' id='word_1_188' title='bbox 1381 3670 1525 3732; x_wconf 74' lang='lat' dir='ltr'><strong>suecessit</strong></span> 
     </span>
     <span class='ocr_line' id='line_1_30' title="bbox 520 3755 1052 3834; baseline -0.009 -15"><span class='ocrx_word' id='word_1_189' title='bbox 520 3759 640 3821; x_wconf 87' lang='lat' dir='ltr'><strong>Kenrik</strong></span> <span class='ocrx_word' id='word_1_190' title='bbox 652 3759 732 3817; x_wconf 79' lang='lat' dir='ltr'><strong>filius</strong></span> <span class='ocrx_word' id='word_1_191' title='bbox 746 3758 819 3817; x_wconf 82' lang='lat' dir='ltr'><strong>eius.</strong></span> <span class='ocrx_word' id='word_1_192' title='bbox 842 3781 846 3786; x_wconf 39' lang='lat'>⁸</span> <span class='ocrx_word' id='word_1_193' title='bbox 865 3755 938 3834; x_wconf 84' lang='lat' dir='ltr'><strong>Cap.</strong></span> <span class='ocrx_word' id='word_1_194' title='bbox 954 3757 1052 3814; x_wconf 89' lang='lat' dir='ltr'>xxxii.</span> 
     </span>
    </p>
   </div>
   <div class='ocr_carea' id='block_1_14' title="bbox 482 3850 1523 3941">
    <p class='ocr_par' dir='ltr' id='par_1_16' title="bbox 482 3850 1523 3941">
     <span class='ocr_line' id='line_1_31' title="bbox 482 3850 1523 3941; baseline -0.002 -16"><span class='ocrx_word' id='word_1_195' title='bbox 482 3850 570 3938; x_wconf 81' lang='lat' dir='ltr'><strong>Quod</strong></span> <span class='ocrx_word' id='word_1_196' title='bbox 582 3881 709 3941; x_wconf 79' lang='lat' dir='ltr'><strong>regnum</strong></span> <span class='ocrx_word' id='word_1_197' title='bbox 732 3860 1005 3920; x_wconf 86' lang='lat' dir='ltr'><strong>Nerthumbrorum</strong></span> <span class='ocrx_word' id='word_1_198' title='bbox 1020 3859 1141 3919; x_wconf 84' lang='lat' dir='ltr'><strong>initium</strong></span> <span class='ocrx_word' id='word_1_199' title='bbox 1154 3861 1288 3938; x_wconf 78' lang='lat' dir='ltr'><strong>sumpsit.</strong></span> <span class='ocrx_word' id='word_1_200' title='bbox 1328 3861 1401 3940; x_wconf 81' lang='lat' dir='ltr'><strong>Cap.</strong></span> <span class='ocrx_word' id='word_1_201' title='bbox 1414 3865 1523 3923; x_wconf 85' lang='lat' dir='ltr'>xxxiii.</span> 
     </span>
    </p>
   </div>
   <div class='ocr_carea' id='block_1_15' title="bbox 480 3961 1525 4136">
    <p class='ocr_par' dir='ltr' id='par_1_17' title="bbox 480 3961 1525 4136">
     <span class='ocr_line' id='line_1_32' title="bbox 480 3961 1525 4044; baseline -0.001 -16"><span class='ocrx_word' id='word_1_202' title='bbox 480 3968 599 4028; x_wconf 84' lang='lat' dir='ltr'><strong>Kenrik</strong></span> <span class='ocrx_word' id='word_1_203' title='bbox 612 3985 683 4044; x_wconf 84' lang='lat' dir='ltr'>rege</span> <span class='ocrx_word' id='word_1_204' title='bbox 697 3963 936 4025; x_wconf 81' lang='lat' dir='ltr'><strong>occidentalium</strong></span> <span class='ocrx_word' id='word_1_205' title='bbox 951 3961 1104 4022; x_wconf 87' lang='lat' dir='ltr'><strong>Saxonum</strong></span> <span class='ocrx_word' id='word_1_206' title='bbox 1118 3963 1267 4038; x_wconf 81' lang='lat' dir='ltr'><strong>defuneto,</strong></span> <span class='ocrx_word' id='word_1_207' title='bbox 1280 3964 1443 4026; x_wconf 60' lang='lat' dir='ltr'><strong>&amp;auliano</strong></span> <span class='ocrx_word' id='word_1_208' title='bbox 1458 3985 1525 4028; x_wconf 83' lang='lat' dir='ltr'><strong>auo·</strong></span> 
     </span>
     <span class='ocr_line' id='line_1_33' title="bbox 519 4055 859 4136; baseline -0.021 -17"><span class='ocrx_word' id='word_1_209' title='bbox 519 4059 617 4119; x_wconf 76' lang='lat' dir='ltr'><strong>cussit</strong></span> <span class='ocrx_word' id='word_1_210' title='bbox 663 4056 735 4136; x_wconf 87' lang='lat' dir='ltr'><strong>Cap.</strong></span> <span class='ocrx_word' id='word_1_211' title='bbox 751 4055 859 4113; x_wconf 85' lang='lat' dir='ltr'>xxxiv.</span> 
     </span>
    </p>
   </div>
   <div class='ocr_carea' id='block_1_16' title="bbox 482 4157 1509 4240">
    <p class='ocr_par' dir='ltr' id='par_1_18' title="bbox 482 4157 1509 4240">
     <span class='ocr_line' id='line_1_34' title="bbox 482 4157 1509 4240; baseline 0 -18"><span class='ocrx_word' id='word_1_212' title='bbox 482 4161 636 4236; x_wconf 88' lang='lat' dir='ltr'><strong>Quomodo</strong></span> <span class='ocrx_word' id='word_1_213' title='bbox 648 4178 775 4238; x_wconf 80' lang='lat' dir='ltr'><strong>mgnum</strong></span> <span class='ocrx_word' id='word_1_214' title='bbox 789 4157 1062 4217; x_wconf 84' lang='lat' dir='ltr'><strong>Nerthumbrorum</strong></span> <span class='ocrx_word' id='word_1_215' title='bbox 1076 4163 1123 4216; x_wconf 85' lang='lat' dir='ltr'><strong>eet</strong></span> <span class='ocrx_word' id='word_1_216' title='bbox 1136 4157 1276 4218; x_wconf 76' lang='lat' dir='ltr'><strong>divisum.</strong></span> <span class='ocrx_word' id='word_1_217' title='bbox 1324 4160 1398 4240; x_wconf 80' lang='lat' dir='ltr'><strong>Cap.</strong></span> <span class='ocrx_word' id='word_1_218' title='bbox 1413 4181 1509 4222; x_wconf 85' lang='lat' dir='ltr'>xxxv.</span> 
     </span>
    </p>
   </div>
   <div class='ocr_carea' id='block_1_17' title="bbox 481 4259 1525 4432">
    <p class='ocr_par' dir='ltr' id='par_1_19' title="bbox 481 4259 1525 4432">
     <span class='ocr_line' id='line_1_35' title="bbox 481 4259 1525 4343; baseline 0.001 -19"><span class='ocrx_word' id='word_1_219' title='bbox 481 4265 635 4343; x_wconf 87' lang='lat' dir='ltr'><strong>Quomodo</strong></span> <span class='ocrx_word' id='word_1_220' title='bbox 668 4262 863 4323; x_wconf 82' lang='lat' dir='ltr'><strong>Ethelbertuo</strong></span> <span class='ocrx_word' id='word_1_221' title='bbox 897 4261 1044 4322; x_wconf 86' lang='lat' dir='ltr'><strong>Ermerioi</strong></span> <span class='ocrx_word' id='word_1_222' title='bbox 1078 4259 1158 4320; x_wconf 84' lang='lat' dir='ltr'><strong>filius</strong></span> <span class='ocrx_word' id='word_1_223' title='bbox 1192 4261 1306 4342; x_wconf 83' lang='lat' dir='ltr'><strong>incepit</strong></span> <span class='ocrx_word' id='word_1_224' title='bbox 1332 4283 1459 4342; x_wconf 82' lang='lat' dir='ltr'><strong>regnare</strong></span> <span class='ocrx_word' id='word_1_225' title='bbox 1493 4265 1525 4325; x_wconf 88' lang='lat' dir='ltr'><strong>in</strong></span> 
     </span>
     <span class='ocr_line' id='line_1_36' title="bbox 519 4353 1119 4432; baseline -0.015 -16"><span class='ocrx_word' id='word_1_226' title='bbox 519 4356 642 4416; x_wconf 76' lang='lat' dir='ltr'><strong>Kantia.</strong></span> <span class='ocrx_word' id='word_1_227' title='bbox 689 4355 761 4432; x_wconf 82' lang='lat' dir='ltr'><strong>Cap.</strong></span> <span class='ocrx_word' id='word_1_228' title='bbox 777 4353 884 4411; x_wconf 84' lang='lat' dir='ltr'>xxxvi.</span> <span class='ocrx_word' id='word_1_229' title='bbox 1117 4369 1119 4374; x_wconf 57' lang='lat'><strong><em>⁴</em></strong></span> 
     </span>
    </p>
   </div>
   <div class='ocr_carea' id='block_1_18' title="bbox 482 4455 1526 4640">
    <p class='ocr_par' dir='ltr' id='par_1_20' title="bbox 482 4455 1526 4640">
     <span class='ocr_line' id='line_1_37' title="bbox 482 4455 1459 4537; baseline 0.001 -19"><span class='ocrx_word' id='word_1_230' title='bbox 482 4459 602 4537; x_wconf 87' lang='lat' dir='ltr'><strong>Giappa</strong></span> <span class='ocrx_word' id='word_1_231' title='bbox 614 4478 669 4519; x_wconf 87' lang='lat' dir='ltr'><strong>rex</strong></span> <span class='ocrx_word' id='word_1_232' title='bbox 683 4457 823 4536; x_wconf 83' lang='lat' dir='ltr'><strong>regnavit</strong></span> <span class='ocrx_word' id='word_1_233' title='bbox 835 4458 867 4522; x_wconf 89' lang='lat' dir='ltr'><strong>in</strong></span> <span class='ocrx_word' id='word_1_234' title='bbox 881 4474 975 4534; x_wconf 87' lang='lat' dir='ltr'><strong>regno</strong></span> <span class='ocrx_word' id='word_1_235' title='bbox 988 4455 1204 4516; x_wconf 87' lang='lat' dir='ltr'><strong>Bernioiorum.</strong></span> <span class='ocrx_word' id='word_1_236' title='bbox 1252 4457 1324 4536; x_wconf 81' lang='lat' dir='ltr'><strong>Cup.</strong></span> <span class='ocrx_word' id='word_1_237' title='bbox 1340 4456 1459 4519; x_wconf 86' lang='lat' dir='ltr'>xxxvii.</span> 
     </span>
     <span class='ocr_line' id='line_1_38' title="bbox 483 4560 1526 4640; baseline 0.002 -16"><span class='ocrx_word' id='word_1_238' title='bbox 483 4565 636 4640; x_wconf 88' lang='lat' dir='ltr'><strong>Quomodo</strong></span> <span class='ocrx_word' id='word_1_239' title='bbox 660 4561 822 4622; x_wconf 83' lang='lat' dir='ltr'><strong>Coanlinuo</strong></span> <span class='ocrx_word' id='word_1_240' title='bbox 848 4579 904 4620; x_wconf 86' lang='lat' dir='ltr'><strong>rex</strong></span> <span class='ocrx_word' id='word_1_241' title='bbox 927 4561 1160 4618; x_wconf 82' lang='lat' dir='ltr'><strong>Woeteaxonnm</strong></span> <span class='ocrx_word' id='word_1_242' title='bbox 1180 4567 1211 4621; x_wconf 87' lang='lat' dir='ltr'><strong>et</strong></span> <span class='ocrx_word' id='word_1_243' title='bbox 1225 4560 1327 4622; x_wconf 88' lang='lat' dir='ltr'><strong>Cutha</strong></span> <span class='ocrx_word' id='word_1_244' title='bbox 1346 4563 1440 4626; x_wconf 79' lang='lat' dir='ltr'><strong>irater</strong></span> <span class='ocrx_word' id='word_1_245' title='bbox 1460 4565 1526 4626; x_wconf 82' lang='lat' dir='ltr'><strong>eius</strong></span> 
     </span>
    </p>
   </div>
   <div class='ocr_carea' id='block_1_19' title="bbox 486 4644 1523 4806">
    <p class='ocr_par' dir='ltr' id='par_1_21' title="bbox 486 4644 1523 4806">
     <span class='ocr_line' id='line_1_39' title="bbox 486 4644 1523 4735; baseline 0.001 -22"><span class='ocrx_word' id='word_1_246' title='bbox 486 4644 491 4654; x_wconf 83' lang='grc'><strong>’</strong></span> <span class='ocrx_word' id='word_1_247' title='bbox 518 4661 730 4732; x_wconf 84' lang='lat' dir='ltr'><strong>pugnaverunt</strong></span> <span class='ocrx_word' id='word_1_248' title='bbox 756 4658 864 4714; x_wconf 83' lang='lat' dir='ltr'><strong>eontra</strong></span> <span class='ocrx_word' id='word_1_249' title='bbox 892 4651 1103 4714; x_wconf 85' lang='lat' dir='ltr'><strong>Ethelbertum</strong></span> <span class='ocrx_word' id='word_1_250' title='bbox 1135 4671 1236 4731; x_wconf 82' lang='lat' dir='ltr'><strong>regom</strong></span> <span class='ocrx_word' id='word_1_251' title='bbox 1270 4653 1402 4716; x_wconf 78' lang='lat' dir='ltr'><strong>Kentiae.</strong></span> <span class='ocrx_word' id='word_1_252' title='bbox 1450 4655 1523 4735; x_wconf 81' lang='lat' dir='ltr'><strong>Cup.</strong></span> 
     </span>
     <span class='ocr_line' id='line_1_40' title="bbox 520 4757 983 4806; baseline 0.006 0"><span class='ocrx_word' id='word_1_253' title='bbox 520 4764 650 4806; x_wconf 81' lang='lat' dir='ltr'>xxxvut.</span> <span class='ocrx_word' id='word_1_254' title='bbox 980 4757 983 4766; x_wconf 86' lang='grc'><em>“</em></span> 
     </span>
    </p>
   </div>
   <div class='ocr_carea' id='block_1_20' title="bbox 0 0 1776 5800">
    <p class='ocr_par' dir='ltr' id='par_1_22' title="bbox 0 0 1776 5800">
     <span class='ocr_line' id='line_1_41' title="bbox 0 0 1776 5800; baseline 0 1"><span class='ocrx_word' id='word_1_255' title='bbox 0 0 1776 5800; x_wconf 95' lang='lat' dir='ltr'><strong> </strong></span> 
     </span>
    </p>
   </div>
  </div>
 </body>
</html>
