3542 5800
437 872 485 919 ns
507 871 624 921 ansus
645 870 767 921 ssouu
789 870 928 919 rusum
937 870 973 917 11.
992 852 1042 923 27.
1201 856 1263 917 115

213 1055 371 1140 pietatem
397 1057 498 1121 verbo
528 1054 766 1143 deprecationis
792 1059 925 1141 ageret3
963 1050 1108 1117 tandem¹
1150 1050 1266 1117 didicit

215 1157 249 1221 in
262 1158 391 1245 spiritu,
408 1158 497 1244 quod
510 1158 565 1223 vel
589 1156 685 1245 quale
708 1160 793 1223 emet
815 1156 981 1222 oraculum
1006 1156 1075 1241 regi
1099 1154 1264 1241 quondam

215 1260 342 1327 ooelitus
365 1266 541 1327 ostensum
587 1260 659 1326 Nec
688 1258 809 1325 exinde
838 1258 969 1324 distulit
998 1258 1080 1344 quin
1109 1256 1265 1323 continuo

215 1383 324 1449 regem
353 1363 546 1429 admoneret
568 1362 700 1449 explere
722 1367 848 1439 votum,
871 1360 961 1447 quod
983 1360 1019 1423 in
1050 1358 1179 1425 oraculo
1201 1358 1265 1423 sibi

215 1464 364 1531 exhibito
400 1488 436 1531 se
473 1465 638 1531 facturum
675 1464 878 1551 promiserat,
917 1462 946 1527 si
983 1462 1139 1549 temporis
1176 1460 1265 1526 illius

215 1568 369 1633 arumnis
390 1572 572 1653 exemptus,
593 1566 638 1631 ad
659 1567 753 1653 regni
775 1564 908 1653 fastigia
929 1566 1122 1651 perveniret.

260 1669 343 1735 Erat
367 1673 479 1736 autem
501 1668 668 1735 oraculum
693 1667 888 1733 huiusmodi
935 1667 1020 1733 Cum
1050 1670 1265 1755 persequente
1277 1688 1397 1741 aanor

215 1770 308 1837 illum
330 1772 537 1850 AEthelfn'do,
567 1772 626 1857 qui
648 1776 727 1837 ante
756 1792 833 1836 eum
862 1770 1024 1857 regnavit,
1048 1792 1106 1855 per
1136 1769 1266 1833 diversa
1277 1765 1434 1888 ffiffi‘g

217 1874 361 1941 ooeultus
390 1875 462 1941 loca
490 1874 545 1940 vel
574 1895 678 1961 regna
709 1873 891 1939 multorum
923 1892 1084 1937 annorum
1119 1876 1412 1957 temperaremus-

216 1977 373 2064 profugus
409 1982 614 2064 vagaretur3
651 1976 787 2043 tandem
823 1975 918 2041 venit
955 1974 998 2041 sd
1037 1973 1264 2051 Redwaldum,
1278 1956 1336 2009 Μὰ·

217 2078 386 2145 obsecrans
408 2083 448 2144 ut
471 2078 578 2144 vitam
608 2099 702 2143 suam
729 2100 750 2142 a
774 2077 862 2143 tanti
892 2077 1108 2163 persecutoris
1138 2076 1266 2141 insidiis

216 2182 356 2247 tutando
377 2186 545 2247 servaret:
569 2178 629 2266 qui
650 2180 794 2245 libenter
816 2201 892 2245 eum
916 2180 1089 2265 excipiens,
1113 2178 1267 2267 promisit

216 2303 250 2349 se
271 2304 346 2368 qum
367 2283 544 2369 petebatur
563 2304 633 2349 esse
654 2282 827 2347 factunm.
873 2282 923 2347 At
944 2286 1118 2369 postquam
1142 2280 1268 2348 AEthel-

216 2384 320 2451 fridus
342 2386 378 2450 in
399 2384 462 2450 hac
483 2406 560 2451 eum
582 2384 753 2471 provincia
774 2384 962 2471 apparuisse
988 2390 1023 2451 et
1045 2385 1133 2473 apud
1155 2406 1266 2472 regem

217 2486 305 2553 iilius
334 2486 544 2553 familiariter
573 2509 648 2553 cum
677 2486 772 2553 sociis
801 2485 952 2553 habitare
982 2488 1144 2575 cognovit,
1176 2488 1268 2552 misit

217 2590 360 2670 nuntios,
399 2590 459 2675 qui
497 2588 680 2655 Redwaldo
717 2588 889 2675 pecuniam
927 2590 1066 2655 maritam
1095 2612 1155 2676 pro
1189 2610 1268 2655 nece

217 2692 286 2756 eius
308 2692 486 2758 offerrent:
517 2711 625 2777 neque
648 2691 776 2777 aliquid
797 2692 945 2778 profecit.
1000 2692 1094 2758 Misit
1117 2693 1265 2767 secundo,

218 2792 308 2858 misit
333 2794 443 2871 tertio,
470 2800 506 2861 et
528 2792 675 2879 copiosa²
705 2794 834 2879 argenti
856 2794 945 2860 dona
966 2796 1112 2877 offerens,
1138 2800 1172 2860 et
1201 2794 1269 2860 bel-

218 2894 285 2962 lum
313 2894 450 2982 insuper
481 2896 533 2962 illi
555 2896 583 2964 si
605 2901 871 2964 contemneretur
902 2898 1057 2965 indicens
1116 2898 1182 2979 Qui
1213 2895 1268 2964 vel

219 3000 315 3064 minis
346 2999 477 3076 fractus,
508 3000 563 3065 rel
587 3004 760 3086 corruptus
790 3001 993 3080 muneribus,
1024 3003 1120 3067 cessit
1157 2999 1268 3084 dopre-

219 3103 312 3179 canti,
345 3107 381 3168 et
417 3103 487 3168 sive
524 3102 669 3168 occidere
705 3123 740 3168 se
778 3102 966 3180 Edwinum,
1006 3123 1065 3168 seu
1102 3101 1269 3189 legatariis

220 3204 348 3271 tradere
377 3204 537 3290 promisit
585 3202 682 3284 Quod
703 3203 763 3268 ubi
785 3204 963 3270 fidissimus
989 3205 1124 3290 quidam
1147 3205 1270 3270 amicus

220 3307 305 3372 illius
334 3306 624 3384 animadverteret,
645 3307 786 3372 intravit
815 3305 1001 3372 cubiculum
1032 3331 1097 3394 quo
1128 3307 1270 3373 dormire

221 3409 422 3496 disponebat,
440 3409 526 3495 (erat
546 3408 635 3474 enim
659 3409 767 3496 prima
790 3409 872 3473 hora
891 3409 1019 3494 noctis)
1037 3415 1072 3476 et
1097 3415 1270 3476 evocatum

220 3510 310 3589 foros,
334 3510 417 3597 quid
439 3532 615 3597 argaeum
637 3531 733 3596 agere
755 3531 817 3576 rex
838 3511 1048 3597 promisisset,
1074 3513 1212 3590 edocuit,
1236 3519 1271 3580 et

221 3612 351 3700 imsuper
380 3612 520 3679 adiecit:
556 3612 625 3679 “Si
650 3633 728 3698 ergo
754 3613 814 3690 vis,
841 3613 903 3679 hac
929 3615 1001 3700 ipsa
1027 3615 1109 3681 hora
1135 3617 1269 3682 educam

220 3719 254 3780 te
282 3717 323 3781 de
353 3715 416 3781 hac
443 3714 621 3801 provincia,
653 3719 689 3780 at
718 3735 757 3779 ea
786 3715 823 3780 in
859 3714 931 3782 loca
967 3718 1180 3796 introducam,
1212 3717 1271 3782 ubi

221 3839 389 3905 nunquam
417 3823 453 3882 te
476 3816 531 3882 vel
561 3815 762 3882 dewaldus
791 3816 847 3882 vel
876 3817 1093 3886 AEthelfridus
1123 3821 1271 3886 invenire

221 3919 379 3988 valeant.’'
426 3919 493 4000 Qui
515 3919 582 3984 ait:
608 3917 774 3985 “Gratias
793 3920 926 4006 quidem
949 3943 1012 4009 ago
1034 3922 1271 3988 benevolentiae

221 4025 304 4104 tnae3
341 4044 410 4090 non
446 4027 560 4088 tamen
596 4021 658 4087 hoc
693 4021 799 4088 facere
834 4043 966 4108 possum
998 4025 1086 4112 quod
1116 4025 1271 4110 suggeris,

221 4131 261 4191 ut
294 4132 437 4213 pactum,
468 4125 557 4211 quod
593 4145 669 4189 cum
699 4129 796 4191 tanto
832 4147 909 4213 rege
946 4126 1015 4202 inii,
1047 4127 1116 4213 ipse
1147 4129 1271 4213 primus

219 4227 350 4294 irritum
386 4227 513 4304 faciam
546 4247 621 4292 cum
656 4225 714 4291 ille
749 4226 833 4291 mihi
869 4228 918 4292 nil
955 4227 1034 4292 mali
1070 4229 1190 4307 fecerit,
1223 4231 1272 4296 nil

221 4329 327 4395 adhuc
359 4328 608 4394 inimicitiamm
641 4327 801 4393 intulerit
856 4329 947 4410 Qum
979 4331 1098 4416 potius,
1123 4333 1151 4398 si
1175 4335 1273 4400 mori-

221 4437 316 4499 turus
361 4453 446 4512 sum,
483 4429 540 4496 ille
587 4451 641 4496 me
688 4431 794 4518 magis
843 4453 945 4517 quam
987 4434 1162 4521 ignobilior
1199 4437 1272 4523 quis

256 4731 384 4798 ΨΜ]
411 4733 520 4794 tandem,
540 4740 569 4784 ut
588 4731 724 4783 verisimile
754 4733 761 4868 ι
806 4736 937 4804 ’ropioso]
951 4737 1098 4803 copiosiora,
1108 4739 1170 4790 Bed.

222 4810 439 4873 videmussed
452 4818 491 4863 la.

1115 4889 1186 4950 nt
