3542 5800
451 894 498 944 ns
520 892 637 943 cnsrrs
659 889 781 941 nrcnu
803 886 990 943 esen-11.
1015 872 1065 947 70.
1220 880 1284 944 335

237 1078 303 1160 Qui
327 1080 447 1145 iterum
478 1083 553 1167 post
578 1079 737 1158 triduum,
762 1077 849 1143 fcme
874 1077 969 1143 illum
999 1078 1224 1165 compellente,
1244 1078 1287 1143 cd

235 1202 381 1247 mensem
406 1182 494 1268 regis
517 1181 683 1269 ingressus
707 1181 816 1246 denuo
842 1180 1044 1246 reficiendus.
1090 1181 1167 1247 Rex
1190 1180 1289 1246 vehe-

235 1290 364 1349 menter
390 1284 558 1350 admirans
584 1284 683 1350 iussit
706 1284 839 1371 insequi·
860 1284 1003 1371 vestigio
1027 1284 1125 1364 conis,
1151 1284 1180 1348 si
1201 1305 1287 1349 recc-

236 1386 327 1452 deret
355 1386 399 1451 sb
430 1386 515 1466 erile,
542 1390 578 1451 et
608 1385 787 1473 diligenter
817 1408 882 1473 quo
912 1391 1065 1473 pergeret
1103 1387 1286 1473 explorare.

237 1490 377 1555 Factum
398 1494 449 1555 cst
473 1492 585 1553 cutem
610 1510 631 1553 c
655 1489 816 1555 ministris
839 1494 878 1555 ut
901 1490 948 1555 eis
970 1512 992 1554 a
1005 1511 1081 1575 rege
1103 1489 1213 1554 fueret
1227 1491 1288 1554 im-

236 1600 408 1679 peratum:
433 1596 468 1657 et
484 1612 597 1670 cenem
612 1591 820 1657 recedentem
843 1592 1079 1678 subsequentes
1102 1591 1146 1657 ed
1160 1591 1288 1657 Lotho-

235 1696 326 1759 broci
349 1716 466 1781 eorpus
486 1694 637 1759 exanime
659 1699 739 1759 sunt
759 1694 917 1781 perducti
965 1693 1114 1780 Cumque
1132 1694 1203 1761 heco
1217 1695 1287 1779 regi

235 1797 401 1863 declarato
424 1795 573 1876 fuissent,
590 1796 803 1883 perturbatus
825 1802 876 1862 est
902 1798 1114 1865 vehementer
1136 1802 1170 1863 et
1190 1796 1287 1865 iussit

235 1906 275 1967 ut
297 1921 413 1987 corpus
436 1898 614 1987 sepulturae
637 1898 806 1965 honestius
829 1899 1023 1967 traderetur.

317 2220 567 2291 CONTINUArIo.
621 2220 663 2285 Ut
688 2219 899 2307 depopulato
920 2218 1056 2305 Aoplic
1071 2225 1197 2303 strepet
1299 2236 1397 2298 sarius,

560 2321 745 2389 leontinum
768 2322 813 2389 sit
836 2328 961 2411 sequte„
1299 2304 1363 2367 ¹³⁰ss-

280 2522 454 2589 Tortores
476 2524 672 2589 Edmundus
697 2524 853 2611 diligenti
879 2524 920 2589 de
949 2529 1057 2590 morte
1087 2504 1428 2629 L⁰lh⁰br⁰⁰ii3vrdd¹don

234 2624 322 2691 faeta
340 2625 555 2712 inquisitione
580 2626 725 2691 Bernum
748 2631 939 2692 venatorem
962 2628 1002 2693 de
1026 2649 1121 2714 opere
1143 2627 1285 2692 nefando
1296 2639 1322 2688 11.
1335 2654 1371 2686 cc.

235 2728 386 2808 convicit,
419 2734 452 2794 et
482 2729 578 2793 iussit
604 2752 625 2793 u
651 2728 814 2794 militibus
842 2730 883 2795 de
910 2729 1001 2794 curie
1022 2752 1083 2795 sua
1105 2730 1285 2795 adiudicari
1297 2715 1428 2831 Ξῇθξξξ

235 2853 273 2895 ac
297 2831 495 2920 legisperitis
519 2831 600 2919 quid
629 2831 670 2895 de
699 2831 862 2897 homicide
892 2832 978 2897 foret
1007 2831 1190 2920 egendum.l
1237 2833 1286 2897 At
1297 2850 1327 2900 of
1335 2848 1423 2897 [nus

235 2956 346 3000 omnes
372 2936 409 3000 in
433 2935 494 3000 hoc
517 2934 642 3022 pariter
667 2941 908 3014 consenserunt,
937 2940 976 3000 ut
999 2941 1141 3000 venator
1163 2936 1200 2998 in
1225 2935 1285 3000 ills
1298 2916 1456 3032 ffi’tssofflm

234 3037 397 3116 navicula,
423 3039 459 3102 in
485 3060 550 3123 quc
573 3059 657 3124 saepe
682 3038 791 3103 dictus
812 3037 1041 3102 Lothebrocus
1067 3038 1103 3102 in
1127 3037 1285 3125 Angliam
1298 3049 1401 3110 thesea,

233 3140 401 3226 applicuit,
423 3145 602 3227 poneretur
624 3146 658 3205 et
681 3141 717 3203 in
740 3139 847 3204 medio
870 3139 971 3204 maris
994 3140 1081 3205 solus
1104 3140 1175 3204 sine
1196 3140 1287 3205 omni

234 3243 456 3308 instrumento
493 3243 607 3307 navali
638 3243 791 3306 dimissus
822 3243 990 3328 probetur,
1022 3245 1050 3308 si
1074 3243 1169 3307 illum
1196 3243 1286 3308 Deus

239 3343 323 3409 velit
347 3367 368 3409 c
391 3344 536 3431 periculo
562 3344 710 3409 liberere.
767 3345 887 3431 Itaque
911 3335 1059 3423 Venami,
1089 3345 1186 3410 iuxts
1215 3368 1287 3410 een·
1300 3387 1413 3436 andem-

236 3449 417 3513 tentiatum
441 3447 549 3512 fuerat
577 3447 615 3510 in
638 3447 899 3533 profunditatem
930 3448 1092 3526 dimissus,
1117 3453 1193 3536 post
1219 3449 1354 3515 diesried
1370 3461 1397 3501 to

235 3571 353 3636 paucos
376 3549 413 3613 in
440 3549 578 3614 Dacium
606 3555 656 3614 est
680 3550 854 3635 proiectus.
902 3549 1065 3630 Quicum
1089 3575 1110 3617 o
1131 3557 1288 3639 portuum
1300 3519 1436 3568 Denmerk.

234 3651 427 3716 custodibus
469 3653 625 3716 inventus
666 3651 792 3730 fuisset,
831 3659 1057 3738 cognoverunt
1101 3655 1288 3720 naviculam

235 3753 325 3818 Dani
348 3753 437 3838 quod
460 3753 495 3816 in
518 3752 576 3818 illc
599 3753 751 3818 dominus
774 3775 885 3819 eorum
909 3755 1132 3821 Lothobroeus
1154 3779 1288 3822 consue-

235 3861 333 3921 verct
364 3855 530 3941 aucupari,
563 3859 597 3920 et
628 3855 856 3941 perduxerunt
886 3878 962 3920 eum
992 3858 1036 3922 ad
1059 3857 1223 3944 Hingwar
1253 3864 1288 3922 et

235 3958 394 4023 Hubbem
410 3957 494 4022 filios
514 3957 603 4022 Dani
626 3957 662 4021 in
678 3957 802 4043 Anglie
824 3957 999 4037 interfecti,
1023 3959 1113 4024 viros
1135 3965 1286 4046 potentes

234 4066 269 4126 et
300 4059 454 4139 crudeles,
487 4059 545 4144 qui
576 4060 733 4124 continuo
765 4059 926 4124 adhibitis
956 4061 1138 4126 tortoribus
1170 4081 1284 4148 exege-

233 4167 313 4227 runt
338 4185 358 4227 s
385 4162 492 4226 Berno
516 4161 597 4247 quid
622 4161 662 4225 de
686 4165 779 4247 putre
807 4181 878 4239 suc,
905 4163 1023 4246 quiin
1048 4162 1108 4226 illo
1133 4165 1285 4230 naviculn

233 4264 276 4329 ab
291 4264 338 4330 eis
353 4264 463 4328 fueret
485 4263 683 4342 subtractus,
701 4267 810 4328 cetum
833 4263 957 4329 fuisset.
1005 4264 1132 4330 Bernus
1155 4288 1284 4353 quoque
1296 4298 1338 4348 He
1348 4299 1454 4362 imputes

233 4367 381 4454 graviter
419 4371 452 4432 et
491 4366 548 4430 diu
588 4365 726 4430 diversis
764 4364 904 4430 afflictus
942 4369 1125 4449 tormentis,
1156 4371 1284 4457 fingens
1296 4366 1338 4416 ¹¹¹⁰
1349 4366 1427 4415 crime
1504 4360 1510 4371 “

234 4469 441 4535 mendacium
466 4469 563 4546 dixit,
587 4467 675 4553 quod
700 4473 795 4554 poter
821 4489 942 4544 eorum,
972 4490 1047 4534 erun
1078 4491 1155 4536 casu
1181 4433 1420 4560 appliddudiunn

591 4792 598 4820 ¹
611 4789 741 4858 rependum]
756 4793 859 4857 agendo,
871 4793 927 4844 MS,

899 4949 953 4991 μ
