3542 5800
477 881 543 946 ³02
742 895 808 947 am
831 895 879 946 nn
900 895 1033 949 mansu.
1057 898 1145 950 sesa
1168 898 1254 950 mer.

476 1083 512 1147 in
534 1082 672 1169 integro,
700 1083 786 1149 sicut
814 1084 998 1170 antiquitus
1026 1084 1168 1166 fuenmt,
1192 1087 1430 1186 constitueptes
1451 1087 1525 1154 red·

476 1183 625 1262 didimus,
651 1189 687 1251 et
708 1184 919 1273 privilegium
942 1188 1197 1256 confirmationis
1219 1189 1398 1256 secundum
1420 1211 1525 1258 sacro-

473 1309 547 1456 ppnpr
569 1309 730 1416 opnonum
743 1311 914 1358 censuram
929 1291 1070 1360 ecclesia
1083 1313 1153 1360 suae
1167 1293 1406 1360 observandum
1420 1292 1524 1364 tredi-

543 1411 591 1457 ua

532 1857 782 1930 commemo.
826 1859 877 1930 Da
898 1857 1140 1950 munificentia
1162 1855 1252 1946 repis
1273 1849 1461 1951 Kcaulpta'.

304 2079 375 2131 will.
517 2061 738 2130 Mssossrus
766 2081 827 2126 rex
849 2056 1046 2126 Marciorum
1079 2057 1274 2148 Kenulphus
1298 2063 1413 2126 contra
1435 2059 1522 2129 Oan-

304 2148 393 2264 llll?
472 2167 613 2234 tuaritas
634 2163 852 2234 successivum
875 2163 918 2229 ab
950 2163 1026 2229 Offa
1047 2183 1122 2252 rege
1145 2167 1348 2230 antecessore
1370 2185 1429 2232 suo
1451 2187 1521 2232 sus-

301 2252 393 2346 ,iad
459 2270 595 2356 'cipiens
628 2269 741 2335 odium
772 2268 939 2354 regionem
974 2265 1064 2332 illam
1098 2266 1195 2333 valde
1229 2263 1358 2348 afflixit,
1383 2290 1520 2358 eamque

303 2392 393 2444 Maru.
471 2371 634 2440 hostiliter
665 2372 867 2462 perlustrans
898 2369 1065 2459 praedatus
1103 2374 1164 2450 cst,
1195 2391 1369 2458 regemque
1407 2394 1519 2440 corum

301 2459 431 2579 lvffig
471 2475 675 2544 Radbertum
709 2475 901 2564 cognomine
935 2471 1042 2540 Wren
1074 2471 1145 2538 sive
1178 2471 1283 2560 Spren
1305 2471 1433 2538 viribus
1455 2475 1519 2543 sibi

302 2565 343 2659 pp'.
355 2563 441 2646 ἐπ’
469 2580 628 2667 imparem
650 2575 905 2667 comprehendit,
929 2580 964 2642 et
985 2574 1136 2641 vinctum
1158 2597 1268 2641 secum
1290 2597 1365 2642 cum
1380 2577 1519 2644 victoria

303 2707 423 2773 Kenulph
470 2683 618 2750 abduxit
687 2679 754 2747 Sed
793 2702 861 2745 non
895 2677 1001 2745 multo
1034 2683 1109 2764 post
1141 2676 1287 2743 humana
1309 2679 1517 2747 miseratione

301 2776 373 2856 Ψ·
468 2785 615 2852 mollitus
630 2783 821 2850 solvendum
844 2781 982 2848 curavit,
1027 2779 1117 2846 Nam
1137 2801 1204 2846 non
1219 2781 1325 2846 multo
1340 2789 1414 2870 post
1428 2785 1518 2870 apud

300 2851 434 2961 aellnalreer-
468 2887 794 2979 Wynchescumbam,
841 2885 899 2951 ubi
945 2884 1112 2951 ecclesiam
1162 2883 1233 2951 Deo
1270 2883 1513 2963 aedificaverat,¹

299 2980 381 3096 ἔξω
394 2986 445 3030 ⁸⁰¹⁸
468 3018 567 3083 quam
590 2995 691 3061 etiam
713 2990 914 3057 sollemniter
935 2986 1057 3055 fecerat
1080 2987 1232 3065 dedicari,
1256 2988 1328 3077 ipsa
1350 2988 1403 3054 die
1425 2989 1518 3056 dedi·

300 3114 425 3163 nadtera
467 3098 604 3166 cationis
627 3102 661 3164 et
683 3095 934 3163 consecrationis
956 3092 1097 3159 ecclesiae
1119 3092 1286 3180 praedictae
1308 3114 1417 3179 regem
1440 3114 1514 3181 cap

299 3179 401 3245 hilm
467 3202 576 3269 tivum
598 3202 640 3269 ad
663 3200 766 3266 altare
788 3197 1025 3265 manumittens
1047 3192 1199 3261 libertate
1223 3194 1370 3275 donavit,
1393 3218 1516 3262 memo·

300 3246 375 3299 Kena
466 3306 569 3372 rabile
601 3304 782 3372 clementiae
816 3324 883 3367 ⁸11ae
915 3298 1136 3387 spectaculum
1166 3296 1332 3363 exbibens'
1387 3298 1516 3365 Aderat

466 3410 588 3477 ibidem
621 3405 855 3474 munificentiae
877 3404 977 3491 regim
999 3400 1173 3490 applausor
1197 3398 1392 3483 Cuthredus,
1416 3422 1514 3489 quem

298 3528 435 3595 Kennphu
463 3512 639 3600 praedictus
660 3507 855 3597 Kenulphus
876 3528 936 3573 rex
958 3506 995 3571 in
1016 3527 1126 3593 regem
1155 3501 1344 3592 praefecerat
1368 3502 1516 3573 Cantus-

298 3599 446 3665 generosity.
463 3616 538 3683 ritis
563 3616 634 3683 loco
666 3612 826 3679 Eadberti
856 3610 943 3699 regis
976 3607 1163 3697 supradicti.
1219 3606 1261 3673 In
1294 3608 1514 3677 sollemnitate

462 3742 542 3789 vero
562 3715 709 3811 praefatae
730 3713 944 3783 dedicationis
959 3734 998 3779 ac
1019 3716 1152 3801 propter
1167 3709 1247 3777 dicti
1269 3712 1354 3798 regis
1377 3708 1514 3779 Kenulfi

463 3822 722 3892 munificentiam
746 3818 880 3884 basilica
903 3814 1071 3905 plausibus
1101 3812 1282 3893 resonabat,
1316 3814 1427 3903 platea
1449 3816 1514 3883 dis-

463 3928 611 3997 cursibus
633 3922 801 4001 fremcbat,
825 3918 915 4009 quod
936 3917 984 3984 ibi
1006 3920 1042 3983 in
1064 3921 1228 3983 conventu
1251 3916 1406 3984 tredecim
1430 3920 1514 4009 epis

462 4054 616 4123 caporum
647 4034 682 4095 et
704 4026 815 4093 decem
838 4022 968 4103 ducum,
1001 4020 1109 4087 nullus
1131 4020 1295 4108 largitatis
1327 4042 1439 4109 passus
1462 4029 1513 4090 est

461 4136 633 4227 repulsam,
665 4133 744 4198 dum
766 4128 889 4217 singuli
911 4124 1037 4192 refectis
1066 4124 1239 4213 marsupiis
1260 4123 1337 4191 hinc
1365 4125 1511 4193 abibant.

462 4242 551 4307 Nam
581 4243 702 4328 praeter
724 4234 783 4300 illa
805 4229 947 4297 exennia
979 4250 1053 4315 quae
1086 4228 1261 4315 optimates
1294 4234 1510 4316 susceperant,

461 4341 702 4411 inaestimabilis
724 4336 847 4404 scilicet
868 4332 966 4422 pretii
999 4336 1032 4397 et
1065 4330 1201 4409 numeri,
1237 4330 1273 4396 in
1303 4332 1510 4411 utensilibus,

460 4447 616 4527 vestibus,
632 4444 725 4531 equis
747 4435 958 4517 electissimis,
975 4434 1125 4500 omnibus
1148 4433 1205 4519 qui
1220 4455 1315 4521 agros
1330 4455 1397 4499 non
1412 4433 1510 4501 habe-

460 4555 543 4620 bant
564 4548 683 4616 libram
705 4542 844 4634 argenti,
866 4536 1066 4629 presbyteris
1080 4558 1223 4603 marcam
1246 4538 1329 4618 auri,
1344 4538 1510 4605 monacbis

770 4854 777 4883 ¹
789 4846 967 4915 oedifimmat]
980 4846 1130 4906 edicaverat,
1141 4840 1197 4895 MS.
