3542 5800
442 859 509 924 252
711 873 779 924 mo.
802 874 852 926 nn
872 873 1008 926 mimo.
1029 875 1120 927 seno
1141 873 1229 928 mss.

438 1064 654 1144 ροοωιοιιιιιι,
679 1067 719 1127 ιιι
742 1061 871 1126 rediens
901 1060 945 1128 od
974 1065 1098 1126 terrum
1129 1065 1225 1126 tuom
1249 1061 1385 1128 oonsilio
1412 1063 1496 1149 epis·

436 1181 592 1246 soporum
620 1166 656 1229 et
686 1162 885 1248 optimatum
916 1167 1050 1228 tuorum
1085 1182 1167 1246 quos
1197 1163 1343 1230 volueris
1373 1187 1497 1251 pomes-

436 1261 543 1328 siones
564 1262 635 1329 sivo
657 1263 829 1330 libertates
851 1263 942 1330 beati
964 1262 1089 1328 Albani
1111 1265 1312 1331 monasterio
1339 1266 1484 1334 conferas

435 1369 470 1428 et
492 1368 553 1430 tuo
582 1365 755 1452 piivilegio
778 1365 855 1431 inde
884 1365 974 1431 fonto
1003 1383 1064 1428 nos
1089 1363 1247 1452 originale
1273 1371 1371 1432 tuum
1393 1369 1498 1455 pn'vi·

435 1465 523 1552 legio
546 1473 659 1533 nostro
687 1467 915 1533 roborabimus
945 1471 1188 1552 consequenter.
1246 1466 1293 1534 Et
1326 1476 1493 1536 monaste·

436 1568 522 1632 1inm
568 1568 653 1634 illud
697 1570 733 1633 in
778 1568 952 1655 specialem
998 1567 1157 1634 Romsnae
1205 1569 1349 1637 eoolesiae
1390 1572 1493 1638 filium

435 1669 676 1756 adoptabimus,
707 1677 744 1737 ot
781 1677 910 1738 nosti-0¹
932 1669 1017 1736 illud
1055 1670 1256 1756 apostolatui
1295 1673 1494 1740 subioiemns

435 1772 527 1837 nullo
572 1773 722 1859 episeopo
766 1773 837 1838 sivo
873 1771 1115 1858 orobiepisoopo
1160 1772 1357 1840 mediante?
1429 1775 1494 1841 His

435 1873 540 1960 igitur
568 1874 698 1952 auditis,
730 1896 790 1940 rex
821 1873 901 1959 qnid
933 1873 1032 1960 digne
1063 1876 1167 1938 tontes
1197 1873 1345 1960 largitati
1377 1897 1493 1964 repen·

435 1975 514 2040 dore
543 1976 653 2041 valent
683 1997 792 2042 secum
822 1980 1011 2062 pertmotst.
1069 1971 1218 2040 Tandem
1242 1975 1357 2044 divina
1380 1999 1491 2065 negem

436 2076 617 2163 inspirante
646 2079 756 2165 gistis
784 2077 914 2143 invenit
945 2076 1074 2142 salubre
1098 2075 1280 2157 consilium,
1304 2084 1340 2146 et
1369 2079 1406 2146 in
1435 2080 1490 2150 die

269 2187 385 2242 omim-
435 2180 579 2245 omstins
605 2179 757 2245 Scholnm
788 2180 972 2266 Anglorum
1002 2199 1077 2266 quse
1115 2183 1196 2244 tuno
1234 2178 1348 2248 Romae
1377 2181 1490 2250 floruit

268 2268 446 2372 mm
391 2301 610 2372 ⁰¹1mgrresoun,
636 2282 728 2346 dedit
752 2281 801 2346 ibi
824 2281 867 2346 od
891 2279 1166 2348 sustentationem
1190 2281 1300 2366 gentis
1321 2285 1415 2370 regni
1436 2285 1489 2349 sui

267 2387 311 2437 the
321 2387 404 2438 richer
436 2380 513 2446 illuc
541 2383 706 2448 venientis
735 2382 881 2470 singulos
911 2387 1083 2469 argenteos
1114 2381 1154 2446 de
1185 2379 1319 2448 familiis
1350 2385 1489 2472 singulis

267 2453 375 2570 ffl⁶
435 2482 635 2548 omnibns'
624 2504 661 2547 m
698 2489 865 2571 posterum
901 2484 1016 2549 diebus
1054 2481 1193 2567 singulis
1225 2483 1328 2564 annis,
1368 2487 1488 2572 quibus

267 2585 365 2700 unguo
364 2600 391 2636 ω
435 2583 590 2651 videlieet
613 2607 683 2651 sors
705 2592 839 2652 ιιιιιιιιιι
865 2585 1006 2652 eontulit
1032 2589 1129 2649 extro
1154 2583 1306 2649 domos
1296 2608 1331 2652 m
1360 2589 1488 2674 posonio

267 2725 371 2784 „pm
317 2651 412 2768 ²¹¹⁰oe
434 2692 475 2752 nt
504 2687 644 2774 tiiginto
672 2693 904 2774 argenteorum
941 2686 1087 2775 pretium
1118 2685 1298 2752 oxoederet
1358 2689 1403 2754 Et
1426 2689 1488 2757 hoo

266 2725 433 2903 §hgffiffih
435 2787 497 2853 toli
533 2789 688 2876 largitate
725 2789 879 2876 optinuit,
918 2795 958 2855 ut
996 2789 1037 2854 de
1075 2807 1175 2873 regno
1214 2788 1345 2876 Angliae
1377 2791 1487 2860 nullus

266 2865 296 2901 ω
371 2867 386 2903 ⁰
433 2891 562 2977 publius
592 2893 752 2980 paenitens
785 2914 845 2979 pro
875 2913 981 2978 exequ
983 2891 1073 2957 tione
1103 2887 1167 2954 sibi
1198 2888 1355 2959 iniunotae
1385 2894 1486 2979 paeni·

434 2994 550 3060 tentiae
578 2994 705 3061 subiret
741 2994 886 3060 exilium
957 2990 1177 3059 Celebrate
1167 2990 1272 3079 igitur
1309 2993 1485 3062 donatione

433 3096 591 3181 praediotu
615 3101 650 3164 et
673 3102 825 3184 msoeptn
850 3094 1047 3163 confessione
1070 3116 1091 3159 a
1114 3116 1199 3183 popa
1221 3100 1255 3161 et
1278 3087 1485 3181 peomtorum

267 3224 397 3281 onem·
433 3198 621 3265 nmissione
657 3197 756 3265 simul
787 3219 862 3264 oum
897 3196 1017 3262 summi
1050 3196 1216 3282 pontificis
1248 3196 1484 3281 benedictione,

264 3298 332 3343 Μ
433 3298 476 3363 od
498 3300 630 3387 propris
650 3321 711 3367 rex
733 3300 929 3387 magnificus
955 3298 1122 3365 remeavit
1168 3296 1261 3363 Tune
1287 3306 1485 3389 oongregsto

432 3401 521 3486 apud
544 3402 768 3468 Verolnmium
792 3402 1015 3489 episcoporum
1041 3405 1076 3465 et
1106 3396 1315 3487 οριὶιιιιιιιιιιιι
1348 3422 1482 3469 suorum

263 3500 405 3623 Prrisvilege·
431 3502 577 3579 oonsilio,
600 3504 749 3570 ιιιιιιιιίιιιι
772 3502 921 3568 omnium
946 3521 1104 3569 consensu
1127 3506 1162 3567 et
1188 3502 1361 3567 voluntate
1384 3502 1481 3569 bento

263 3571 401 3688 bm'imo
431 3602 562 3669 Albano
599 3604 724 3691 amplas
760 3604 903 3671 eontulit
938 3609 1041 3670 tenus
1070 3608 1106 3669 st
1142 3604 1356 3691 possessiones
1385 3604 1483 3669 innu-

261 3709 370 3771 mo-
431 3727 546 3787 meros,
571 3727 654 3793 quos
681 3705 857 3793 multiplici
883 3706 1077 3771 libertatum
1100 3704 1274 3793 pn'vilemo
1300 3706 1480 3793 insignivit

432 3806 668 3875 Monoehornm
697 3828 776 3875 vero
802 3811 1002 3873 eonventum
1032 3828 1075 3873 ex
1104 3806 1257 3873 domibus
1294 3806 1377 3873 bene
1406 3808 1481 3873 reli-

428 3910 528 3997 giosis
549 3910 593 3976 ad
614 3910 764 3975 tumbam
785 3908 942 3995 martyris
964 3910 1183 3997 congregsvit,
1202 3913 1237 3973 et
1258 3908 1424 3974 sbbstem'
1434 3910 1482 3975 eis

428 4014 561 4079 nomine
584 4012 803 4100 Willegodum
830 4009 986 4097 praefeoit,
1010 4010 1064 4077 oni
1089 4032 1165 4075 oum
1187 4010 1258 4097 ipso
1280 4012 1479 4076 monasterio

262 4110 395 4191 onusto
428 4116 539 4180 omnin
567 4114 641 4179 ium-
669 4113 794 4201 regalia
818 4112 983 4179 consessit
1041 4110 1286 4177 Dominsbotur
1315 4110 1390 4177 offa
1418 4132 1478 4177 rex

260 4190 376 4232 mmm
428 4236 567 4301 mugnus
590 4217 626 4280 in
649 4214 771 4302 viginti
794 4214 901 4279 tribus
926 4212 1113 4300 provinciis,
1139 4234 1223 4299 quus
1246 4212 1349 4299 Angli
1378 4212 1477 4279 soirss

426 4315 616 4400 appellant;
651 4318 688 4381 id
725 4322 784 4396 est,
822 4316 858 4380 in
896 4314 1138 4395 Herefordonsi,
1177 4313 1269 4379 onius
1306 4314 1475 4400 episeopus

425 4417 534 4482 sedem
559 4416 660 4482 habet
689 4418 724 4481 in
747 4418 860 4483 eodem
883 4418 985 4497 urbe;
1007 4416 1043 4480 in
1066 4416 1243 4499 provinciis
1265 4414 1473 4503 wigornensi

882 4620 1059 4628 ———-.-·—-.

722 4744 729 4777 ¹
746 4745 900 4813 optimam]
916 4744 1061 4813 opimatam,
1072 4743 1128 4798 MS.
