3542 5800
479 893 526 943 na
548 892 664 943 anans
685 892 805 945 annun
827 892 1011 945 ausu-11.
1036 874 1089 949 70.
1247 880 1308 944 351

264 1082 483 1149 circumdetur
506 1082 590 1149 stola
620 1083 798 1149 demutatae
822 1082 935 1162 earnis,
961 1083 1116 1171 quoniam
1142 1088 1223 1149 tuno
1245 1084 1310 1151 erit

264 1186 406 1275 perfecta
426 1186 599 1255 beatitudo
620 1192 816 1269 sanatorum,
838 1210 912 1253 oum
935 1187 978 1253 ad
1000 1188 1035 1253 id
1056 1187 1157 1254 brerit
1177 1186 1310 1254 Christo

263 1291 423 1379 largiente
464 1296 667 1379 perventum.
730 1291 796 1359 Sed
833 1291 873 1356 de
912 1292 973 1357 hoo
1011 1296 1124 1357 saneto
1163 1296 1309 1378 mamyre
1321 1306 1404 1365 Abeo,

263 1396 425 1463 estimare
448 1396 531 1473 lieet,
557 1396 649 1461 euius
674 1396 719 1461 sit
743 1394 931 1460 sanctitatis
955 1395 993 1459 in
1022 1394 1083 1461 bae
1106 1396 1186 1474 vita,
1218 1389 1343 1461 ouius⁰·
1356 1378 1394 1429 ¹⁷·

263 1520 337 1566 earo
375 1504 505 1565 mortua
542 1498 674 1587 praefert
722 1498 884 1585 quoddam
930 1498 1175 1564 resurrectionis
1212 1498 1309 1565 deoue

263 1602 334 1667 sine
358 1603 410 1669 sui
439 1602 512 1667 labe
543 1602 663 1689 aliqua.
711 1601 984 1687 Quandoquidem
1013 1623 1076 1684 eos,
1107 1602 1164 1687 qui
1195 1601 1309 1667 buius·

264 1705 389 1772 osmodl
413 1726 547 1771 munere
570 1704 685 1770 donati
708 1710 794 1785 sunt,
823 1704 986 1770 extollant
1016 1704 1169 1770 oatholiai
1198 1710 1309 1792 patres

263 1830 330 1875 suae
374 1808 543 1875 relationis
599 1808 753 1887 indioui0,
805 1808 846 1873 de
897 1807 1057 1893 singulari
1105 1808 1310 1895 virginitatis

262 1913 381 2001 adepto
411 1912 584 2000 privilegio
614 1912 767 1993 dieentes,
798 1912 887 1997 quod
923 1911 1011 1977 iusta
1047 1913 1311 1979 remuneratione

263 2018 364 2083 etiam
390 2016 443 2081 bio
465 2016 613 2103 gaudent
636 2019 758 2101 praeter
781 2018 921 2081 mortem
944 2014 985 2079 de
1008 2014 1115 2080 earnis
1141 2014 1308 2103 ineorrup-

262 2120 362 2197 tione,
389 2120 447 2207 qui
474 2140 546 2186 eam
568 2140 670 2205 usque
693 2117 736 2183 ad
758 2123 897 2183 mortem
920 2118 1125 2205 servaverint
1146 2140 1213 2185 non
1235 2118 1309 2192 ¹siue

261 2224 347 2311 iugis
373 2222 527 2309 martyrii
554 2222 667 2287 valida
689 2221 925 2308 persequtione.
981 2221 1070 2302 Quid
1092 2223 1180 2288 enirn
1203 2222 1309 2289 maius

262 2328 324 2394 sub
354 2327 491 2393 caritate
518 2326 716 2393 Christianae
743 2324 820 2391 fidei
847 2346 945 2411 quam
972 2324 1109 2412 adipisci
1141 2326 1309 2391 hominem

262 2452 332 2495 eum
365 2430 473 2517 gratia
504 2429 591 2514 quod
620 2428 721 2494 habet
755 2427 892 2516 angelus
929 2450 971 2493 ex
1008 2432 1150 2494 naturai
1209 2428 1309 2495 Unde

261 2534 411 2599 divinum
435 2533 602 2599 oraeulum
625 2532 717 2619 quasi
740 2532 900 2619 singrdari
924 2531 1067 2619 quodam
1089 2532 1175 2598 dono
1197 2554 1308 2620 repro-

260 2638 376 2715 mittit,
417 2636 504 2723 quod
541 2635 685 2723 virgines
734 2640 895 2721 sequntur
941 2636 1076 2723 Agnum
1115 2658 1307 2724 quoeunque
1319 2672 1375 2725 MS,
1387 2673 1413 2725 A

260 2740 354 2806 ierit¹
414 2738 695 2807 Considerandum
720 2738 823 2825 igitur
849 2739 922 2825 quis
951 2738 1015 2805 iste
1044 2738 1153 2820 fuerit,
1184 2742 1240 2825 qui
1270 2740 1306 2805 in
1319 2713 1440 2857 {qlglg’b-

260 2844 352 2930 regni
372 2843 513 2909 eulmine
535 2842 625 2908 intra
643 2846 695 2908 tot
718 2841 853 2908 divitias
876 2849 911 2908 et
931 2842 1030 2908 luxus
1057 2842 1166 2910 saeouli
1189 2848 1306 2910 semet
1319 2837 1440 2929 solss'w'q,

260 2947 368 3034 ipsum
394 2948 516 3012 ealeata
538 2947 644 3012 carnis
670 2945 856 3036 petulantia
891 2945 1021 3012 vincere
1051 2946 1191 3026 studuit,
1219 2949 1307 3032 quod

260 3051 329 3116 eius
360 3050 505 3116 ostendit
538 3071 612 3114 earo
650 3048 918 3135 incorruptibilis.
981 3049 1046 3115 Cui
1075 3050 1219 3115 humano
1249 3051 1305 3116 ab

261 3155 373 3240 sequio
403 3152 600 3218 famulantes
637 3155 791 3238 satagant
821 3149 870 3216 illi
901 3173 941 3216 ea
969 3153 1096 3238 plaeere
1131 3152 1304 3230 munditia,

259 3277 357 3344 quam
379 3257 409 3322 ei
432 3260 589 3342 perpetuo
613 3255 771 3341 placuisse
793 3254 1008 3320 manifestant
1031 3255 1180 3321 membra
1203 3256 1307 3321 incor-

257 3365 365 3448 rupta,
387 3361 449 3426 etei
471 3381 540 3424 non
562 3364 699 3445 possunt
714 3358 862 3444 virgineo
884 3358 964 3425 flore
986 3358 1166 3446 pudioitiae,
1189 3360 1306 3426 saltem

259 3487 301 3530 ex
329 3467 433 3555 parte,
463 3462 648 3549 voluptatis
677 3462 747 3548 iugi
774 3462 1036 3527 mortificatione.
1083 3462 1249 3542 Quoniam
1278 3463 1306 3530 ai

258 3567 317 3632 illa
358 3570 479 3632 sanetae
528 3565 647 3630 animae
693 3564 870 3630 invisibilis
901 3570 937 3630 et
965 3565 1100 3631 illooalis
1131 3567 1308 3652 praesentia

257 3670 392 3736 alieuius
423 3668 654 3736 famulantium
692 3667 851 3756 spurcitia
886 3669 1084 3750 offendatur,
1122 3671 1307 3736 timendum

259 3778 309 3839 est
331 3773 418 3859 quod
440 3773 599 3860 propbeta
621 3771 813 3837 terribiliter
837 3771 1077 3837 eomminatur.⁹
1123 3779 1144 3812 “
1156 3772 1198 3838 In
1219 3779 1307 3839 terra

259 3881 446 3942 sanatorum
476 3875 592 3960 iniqua
620 3873 730 3961 gessit,
758 3879 792 3938 et
818 3873 893 3938 ideo
917 3874 1055 3960 gloriam
1080 3874 1215 3942 Domini
1239 3897 1307 3940 non

258 3977 412 4044 videbit''
486 3977 588 4043 Cuius
635 3981 757 4042 terrore
804 3977 977 4042 sententiae
1022 3978 1171 4063 permoti,
1210 3979 1307 4043 buius

259 4083 365 4148 saneti
397 4081 563 4148 Edmundi
595 4080 681 4168 regis
708 4086 742 4145 et
768 4079 925 4164 martyris
954 4080 1165 4168 imploremus
1195 4090 1306 4168 patro-

207 4267 209 4274 Ι
259 4186 391 4267 oinium,
420 4191 458 4252 ut
484 4206 545 4250 nos
569 4206 642 4250 oum
670 4182 734 4248 sibi
761 4183 859 4268 digne
883 4183 1122 4248 famulantibus
1149 4184 1260 4271 expiet
1285 4207 1306 4250 a

257 4291 399 4375 pereatis
438 4287 556 4374 quibus
594 4308 756 4351 meremur
795 4285 999 4371 supplicium,
1038 4309 1096 4373 per
1134 4309 1207 4352 eum
1248 4290 1304 4378 qui

259 4393 345 4457 vivit
361 4397 395 4457 et
411 4395 528 4478 regnat
543 4391 578 4455 in
594 4390 709 4457 saecula
724 4389 925 4456 saeculorum.
971 4390 1087 4455 Amen.
