3542 5800
465 894 530 961 334
726 908 791 959 arc.
817 908 863 982 nu
887 908 1023 958 curuo.
1049 908 1139 957 senc.
1162 907 1249 959 nrsr.

463 1096 527 1161 tori
551 1090 645 1181 regis,
671 1094 805 1159 nomine
830 1096 947 1173 Barna,
972 1099 1011 1159 ut
1033 1098 1140 1159 artem
1162 1094 1367 1159 venatoriam
1392 1093 1429 1157 in
1452 1116 1521 1181 qua

461 1198 570 1263 fuerat
608 1198 758 1263 eruditus
796 1198 838 1263 ad
876 1198 1010 1284 plenum
1048 1219 1123 1261 cum
1167 1198 1239 1285 ipso
1284 1197 1519 1282 frequentaret.

463 1301 546 1365 Erat
583 1302 672 1365 enirn
705 1306 776 1365 tarn
814 1302 849 1365 in
883 1300 1102 1387 aucupatione
1140 1322 1239 1385 qnam
1276 1302 1312 1364 in
1346 1301 1519 1366 venatorio

462 1404 615 1469 exercitio
647 1404 833 1489 gratiosus3
871 1403 960 1468 unde
991 1403 1027 1465 in
1057 1402 1175 1468 avibus
1205 1403 1305 1468 simul
1335 1425 1373 1469 ae
1401 1404 1518 1469 bestiis

462 1506 631 1593 capiendis
654 1528 713 1593 pro
743 1510 824 1573 voto
854 1507 918 1571 sibi
949 1508 1061 1571 omnia
1082 1506 1308 1571 succedebant
1355 1507 1517 1592 Capiebat

463 1609 621 1696 quioquid
637 1609 779 1688 volebat,
807 1614 841 1675 at
861 1630 1010 1673 mensam
1026 1610 1112 1695 regis
1128 1608 1370 1675 delicatissimis
1386 1609 1518 1675 ferculis

462 1734 606 1800 persaepe
636 1711 775 1779 ditabat.
822 1710 868 1777 Et
898 1732 973 1776 cum
1002 1710 1120 1776 fuisset
1150 1734 1171 1776 a
1200 1733 1289 1797 rege,
1317 1716 1418 1799 prout
1447 1712 1519 1777 eius

462 1816 633 1901 gentilitas
670 1812 828 1901 permisit,
861 1812 1010 1893 dilectus,
1046 1812 1148 1899 ooepit
1185 1818 1326 1879 venator
1363 1814 1450 1900 regis
1486 1815 1518 1879 ei

462 1918 610 2003 graviter
647 1916 803 1995 invidere,
839 1936 898 2001 pro
932 1937 971 1981 eo
1003 1916 1092 2001 quod
1123 1916 1159 1980 in
1191 1916 1319 1981 mtibus
1348 1915 1518 2002 praedictis

464 2020 571 2107 ipsum
594 2021 630 2085 in
646 2020 798 2085 omnibus
813 2018 996 2105 superabat
1045 2019 1091 2084 Et
1110 2018 1244 2085 mortali
1258 2019 1387 2084 invidia
1401 2016 1519 2085 eontra

292 2145 453 2198 Iouebroe’e
466 2124 705 2191 Lothobrocur'u
742 2144 923 2202 succensus,
970 2122 1113 2209 quadam
1150 2122 1205 2189 dio
1239 2122 1320 2188 dum
1357 2128 1517 2189 venatum

293 2214 400 2266 murder.
464 2229 588 2315 pariter
609 2228 709 2307 irent,
731 2226 840 2313 ipsum
862 2225 1016 2311 nequiter
1036 2224 1205 2291 interfecit
1227 2229 1262 2291 et
1291 2226 1328 2290 in
1352 2225 1518 2291 denmtate

462 2331 604 2397 nemoris
649 2328 860 2395 interfectum
903 2328 1083 2393 abscondit.
1145 2328 1219 2409 Quo
1256 2328 1343 2394 facto
1381 2328 1517 2394 aeoessit

459 2440 599 2502 venator
620 2436 839 2523 nequissimus
862 2441 897 2500 et
919 2456 1015 2500 canes
1037 2435 1232 2500 oornicando
1246 2436 1290 2500 ad
1312 2456 1346 2500 se
1368 2436 1519 2501 vocavit

459 2538 658 2605 Nutriverat
681 2542 792 2603 autem
817 2538 1043 2603 Lothobrocus
1068 2537 1267 2623 leporarium
1290 2537 1453 2624 quendam
1477 2539 1517 2603 in

460 2642 550 2707 curia
573 2642 659 2728 regis
674 2640 853 2719 Edmundi‚
883 2642 942 2726 qui
964 2641 1082 2727 ipsum,
1099 2644 1139 2705 ut
1165 2640 1238 2706 fieri
1261 2640 1353 2720 solet,
1369 2641 1515 2706 multum

460 2744 586 2822 dilexit,
615 2749 650 2809 ct
674 2748 832 2809 venatore
857 2764 932 2807 oum
959 2742 1076 2808 ceteris
1100 2741 1238 2807 canibus
1252 2743 1433 2823 recedente,
1456 2744 1515 2809 ille

459 2847 548 2914 solus
575 2868 649 2914 cum
681 2868 815 2932 corpore
846 2845 972 2912 domini
999 2846 1051 2910 sui
1080 2846 1248 2911 remansit.
1298 2845 1341 2910 In
1371 2846 1514 2912 crastino

460 2973 596 3038 quoque,
623 2972 698 3015 cum
725 2971 784 3014 rex
809 2948 938 3014 sederet
973 2949 1017 3013 ad
1043 2971 1190 3014 mensam
1211 2954 1246 3014 et
1269 2949 1358 3014 inter
1388 2955 1513 3015 eeteros

459 3053 696 3120 commilitones
724 3051 966 3117 Lothobrocum
997 3073 1065 3115 non
1090 3050 1237 3132 vidisset,
1262 3053 1418 3138 quaesivit
1439 3073 1515 3139 pro-

459 3157 591 3244 pensius
621 3177 642 3221 a
671 3154 833 3219 ministris
857 3153 938 3239 quid
964 3153 1005 3218 de
1035 3153 1094 3219 illo
1125 3158 1235 3219 actum
1266 3153 1391 3218 fuisset.
1449 3153 1515 3220 cui

459 3259 658 3345 respondens
688 3261 826 3322 venator
865 3256 993 3320 Bernue
1032 3255 1120 3320 dixit
1152 3256 1240 3340 quod
1270 3255 1425 3321 hesterna
1449 3257 1511 3337 die,

460 3385 533 3426 cum
558 3363 598 3426 de
623 3364 748 3425 venatu
775 3359 909 3422 domum
936 3357 1068 3438 rediret,
1093 3358 1164 3444 ipse
1182 3360 1342 3422 remansit
1363 3358 1400 3421 in
1426 3359 1513 3424 silva

459 3469 534 3550 post
558 3485 632 3527 eum
664 3467 697 3526 et
724 3462 812 3546 quod
837 3483 912 3526 eum
939 3465 1053 3546 postea
1082 3482 1149 3524 non
1175 3459 1299 3525 viderit
1325 3461 1510 3547 profitetur.

460 3565 527 3632 Sed
556 3565 616 3628 vix
646 3563 749 3629 verba
778 3562 1010 3648 compleverat,
1042 3567 1077 3627 et
1106 3584 1178 3627 ecoe
1204 3562 1384 3649 leporarius
1413 3586 1512 3649 quem

460 3668 647 3734 nutriverat
678 3667 901 3732 Lothebrocus
931 3666 1065 3730 domum
1096 3665 1219 3751 regiam
1249 3665 1413 3752 ingressus
1443 3687 1514 3731 om-

460 3772 559 3837 nibus
583 3776 618 3836 et
644 3769 789 3834 maxima
811 3768 880 3854 regi
903 3769 1062 3833 adulante
1084 3768 1192 3833 cauda
1206 3768 1406 3855 applaudere
1422 3775 1513 3835 sata-

460 3876 569 3960 gebat.
633 3873 739 3952 Quem
776 3891 836 3936 rex
876 3893 951 3936 cum
988 3870 1135 3951 vidisset,
1182 3871 1372 3935 astantibus
1411 3872 1510 3951 dixit,

461 3984 477 4013 “
494 3977 608 4056 Ecee‚'’
630 3976 748 4060 inquit,
773 3979 791 4011 “
807 3973 898 4038 canis
914 3973 1112 4038 Lothobroci
1138 3973 1316 4038 adveniens
1340 3974 1511 4039 dominum

460 4081 649 4144 venientem
673 4074 864 4164 praevenit.’'
910 4074 956 4141 Et
982 4098 1050 4162 prae
1073 4075 1196 4161 gaudio
1220 4097 1281 4140 rex
1308 4097 1423 4140 canem
1438 4077 1512 4142 dili·

460 4187 577 4267 genter
606 4183 708 4267 pavit,
740 4199 873 4265 sperans
901 4200 959 4264 per
988 4199 1063 4242 eum
1094 4177 1165 4242 eius
1196 4177 1367 4242 dominum
1390 4179 1512 4244 adven-

461 4288 581 4347 turum.
628 4283 693 4348 Sed
717 4302 808 4346 secus
834 4279 975 4366 contigit
999 4302 1098 4365 quam
1124 4279 1296 4366 sperabat:
1320 4302 1399 4345 nam
1414 4281 1509 4346 ilico¹

461 4407 535 4450 cum
550 4385 729 4472 leporarius
745 4385 884 4449 satiatus
900 4383 1027 4462 fuisset,
1042 4403 1191 4448 reversus
1211 4383 1320 4448 estad
1341 4383 1511 4449 dominum

461 4495 606 4554 suamet
628 4489 723 4554 iuxta
744 4509 860 4574 corpus
875 4487 945 4551 eius
966 4491 1135 4552 consuetas
1151 4487 1305 4552 excubias
1325 4487 1510 4558 celebravit.

498 4681 570 4686 -..ψη
589 4679 746 4686 -.----—-..
765 4681 777 4686 -
793 4679 944 4686 .-—-----
1229 4679 1293 4685 ....-
1306 4679 1445 4686 ,,.,--,,
1457 4681 1505 4686 ,-

844 4787 851 4816 ¹
865 4785 933 4854 aaa]
946 4786 1032 4853 raquo,
1044 4787 1099 4839 ns,
