3542 5800
472 856 538 922 362
733 872 797 921 arc.
821 870 868 920 nn
890 870 1024 922 cranao.
1047 870 1136 921 srnc.
1158 871 1245 921 nrsr.

470 1054 545 1133 ium,
582 1059 622 1119 ut
659 1054 760 1141 prius,
797 1052 939 1119 latibula
976 1059 1100 1141 captat,
1137 1076 1199 1121 nec
1230 1054 1329 1121 celari
1360 1058 1513 1141 satagens

469 1155 614 1242 puplicos
635 1162 815 1223 conventus
838 1157 974 1222 devitat
1030 1156 1097 1223 Sed
1118 1157 1207 1222 fama
1238 1162 1447 1245 proeconante
1472 1156 1514 1222 de

469 1259 550 1323 vicis
572 1258 755 1347 quibusque
776 1281 835 1347 per
856 1259 985 1325 itineris
1009 1258 1180 1325 tramitem
1202 1282 1237 1325 ee
1270 1259 1513 1347 porrigentibus

468 1360 504 1423 in
526 1381 693 1427 occursum
715 1362 785 1427 eius
816 1368 1010 1449 proruentes
1043 1384 1118 1427 cum
1151 1363 1281 1449 ingenti
1302 1362 1416 1429 favore
1443 1362 1514 1427 lau·

468 1460 583 1549 disque
609 1463 712 1529 iubilo
744 1464 838 1530 illum
872 1464 1047 1531 deducunt.
1101 1464 1233 1531 Deinde
1266 1465 1409 1552 pristino
1438 1486 1513 1531 cum

468 1586 596 1631 summa
624 1566 876 1633 honorificentia
901 1568 1073 1655 reponitur
1094 1567 1131 1633 in
1152 1568 1232 1649 loco,
1254 1568 1313 1633 ubi
1335 1566 1409 1633 Deo
1437 1588 1514 1654 pro-

468 1668 551 1755 pitio
597 1669 715 1736 devote
757 1690 791 1735 se
835 1670 1025 1757 petentibus
1066 1670 1228 1757 hodieque
1270 1692 1339 1737 non
1383 1670 1514 1737 desistit

468 1772 649 1860 suffragari

299 2086 422 2210 {ils-931).
513 2092 1172 2263 Οοιιιιιιῦιιῐο.1)ιιιΕιίἷωειιπιὲιιιιοιιι
1193 2094 1344 2181 corporis
1366 2092 1479 2161 coacti

950 2216 1012 2262 mo
1064 2219 1080 2261 ι

301 2425 382 2477 Missa
383 2428 455 2481 ulcus
527 2408 654 2475 OPnnAE
699 2414 772 2497 pret
774 2410 842 2475 ium
886 2410 1094 2477 referendum
1138 2432 1206 2477 esse
1250 2410 1343 2477 videt
1328 2414 1384 2476 tur
1427 2408 1511 2475 illud

300 2560 329 2609 S
299 2494 420 2611 ιῑτῑΡΞεο
405 2499 435 2547 0f
466 2502 711 2586 supereminens
726 2502 792 2567 et
783 2502 911 2588 msigne
932 2504 1124 2568 miraculum
1126 2501 1237 2588 ,quod
1259 2504 1301 2567 de
1322 2503 1512 2587 incorrupta

299 2630 397 2679 mnus
466 2603 608 2690 corporis
630 2603 825 2690 integritate
855 2604 965 2670 incliti
985 2606 1073 2691 regis
1094 2610 1129 2670 ot
1151 2604 1321 2670 victoriosi
1353 2603 1510 2689 martyris

299 2642 372 2760 adl·
466 2704 635 2771 Edmundi
659 2706 787 2771 Divina
808 2707 1002 2794 propitiatio
1023 2707 1196 2794 propalare
1218 2707 1357 2793 dignata
1378 2712 1438 2786 est,
1467 2710 1510 2770 ut

464 2814 614 2875 tortuosa
646 2830 759 2877 eorum
790 2810 898 2888 corda,
929 2812 987 2897 qui
1021 2810 1075 2875 vel
1105 2809 1318 2896 simplicitate
1348 2809 1510 2875 fullrmtur

465 2913 528 2995 vel,
564 2913 651 3002 quod
684 2913 896 3032 periculosius
917 2919 977 2994 est,
1009 2913 1171 2980 fermento
1201 2913 1347 3000 perfidiae
1367 2933 1511 2979 corrum-

464 3023 598 3104 puntur,
644 3017 838 3102 requissimae
881 3017 1003 3104 regulae
1040 3017 1118 3082 fidei
1161 3016 1332 3097 colliniret,
1376 3037 1510 3103 sumque

298 3123 336 3176 cs.
348 3125 405 3178 Ms.
417 3127 451 3190 Α,
463 3121 581 3186 virtut
556 3125 600 3186 trs
631 3119 907 3207 magnificentiam
939 3141 1053 3186 eorum
1084 3120 1269 3206 pectoribus
1300 3118 1399 3186 altius
1431 3119 1512 3185 inti-

297 3192 411 3324 ᾖξ’
352 3200 411 3245 ⁴⁸²
463 3229 577 3289 meret
637 3223 748 3310 Igitur
779 3221 867 3290 Vino
899 3223 1042 3290 ecclesiae
1062 3223 1168 3288 sancti
1201 3221 1371 3288 Edmundi
1402 3223 1510 3310 primo

296 3326 444 3446 hulgetqnus
464 3324 584 3391 abbate
606 3323 705 3392 rebus
727 3331 889 3414 exempto,
912 3324 1159 3393 venerabilis
1126 3346 1180 3393 ιιι
1193 3323 1392 3392 Leoistanns
1414 3325 1512 3391 ovilis

295 3407 355 3511 ξιιξιο
322 3477 387 3524 mus
398 3427 630 3514 flmDominici
653 3450 764 3494 curam
793 3429 943 3494 unanimi
964 3429 1107 3494 fratrum
1129 3433 1208 3495 voto
1240 3427 1382 3515 suscepit
1410 3449 1511 3514 ogen-

296 3529 413 3579 bb0t⁰f
464 3531 547 3596 dam.
594 3531 667 3612 Quo
689 3538 835 3620 tempore
857 3533 976 3598 mulier
997 3532 1149 3619 quadam
1171 3553 1193 3598 a
1213 3532 1394 3598 nativitate
1413 3536 1510 3598 muta

295 3596 401 3716 ιξιῐιιξιξάι
463 3633 505 3700 de
538 3655 631 3754 pago·
645 3633 868 3702 Wintoniensi
890 3641 1040 3701 sanctum
1069 3634 1186 3701 invisit
1207 3635 1430 3715 Edmundum,
1463 3636 1508 3702 ab

296 3755 348 3804 Cur
319 3771 387 3806 uroe
372 3757 424 3806 oss
463 3759 501 3804 eo
524 3737 648 3826 propriu
637 3739 853 3827 flagitatura
873 3739 1054 3804 remedium
1075 3737 1281 3804 incommodi
1327 3736 1403 3804 Iam
1416 3739 1506 3805 euim

294 3822 398 3942 dffin
463 3862 545 3930 pone
568 3841 685 3908 seniles
707 3863 810 3908 annos
841 3841 1111 3959 apprehenderat,
1143 3841 1284 3908 necdum
1316 3842 1470 3933 tamen
1458 3863 1509 3908 m-

462 3945 578 4012 iantiae
600 3943 779 4032 primordia
800 3945 889 4010 vocis
910 3943 1028 4032 indign
1050 3945 1248 4012 deseruerat
1305 3924 1388 4012 Haec
1419 3965 1506 4063 ergo,

460 4049 538 4136 quia
574 4069 653 4114 voce
691 4069 759 4113 non
795 4051 935 4134 poterat,
973 4047 1095 4112 intimo
1131 4045 1239 4112 cordis
1275 4047 1405 4127 affectu,
1446 4049 1505 4134 qui

460 4151 653 4218 multotiens
689 4151 845 4216 maiorem
882 4148 1017 4215 curibus
1049 4147 1186 4215 Divina
1217 4149 1354 4237 pietatis
1383 4149 1507 4237 ingerit

459 4253 644 4341 strepitum,
676 4257 865 4320 constanter
887 4251 997 4318 Deum
1019 4249 1154 4337 simque
1182 4256 1364 4338 martyrem
1392 4273 1507 4319 exora·

458 4355 526 4422 bct.
582 4355 713 4422 Deinde
745 4359 974 4444 perseverante
996 4353 1055 4420 illa
1076 4353 1174 4420 iuxta
1204 4354 1389 4442 sepulcrum
1416 4375 1502 4421 mar·

458 4459 545 4545 tyris
566 4459 603 4526 in
636 4459 763 4548 gemitu
785 4465 820 4527 et
850 4458 1047 4526 contritione
1077 4457 1192 4537 cordis,
1226 4458 1402 4529 solvuntur
1434 4458 1505 4524 eius

457 4563 580 4652 linguas
624 4563 789 4652 repagula
831 4563 921 4630 vocis
961 4581 1085 4651 organa
1115 4561 1301 4626 formentur
1333 4560 1377 4626 ad
1413 4582 1503 4629 nova

457 4665 602 4751 femina3
640 4671 714 4754 post
737 4687 861 4734 annosa
882 4665 1016 4733 demum
1038 4663 1172 4731 silentia
1192 4665 1230 4730 in
1251 4667 1367 4751 aperta
1388 4685 1502 4754 proru-

456 4771 509 4860 pit
531 4769 639 4850 verba,
663 4791 737 4838 curn
759 4769 913 4838 omnibus
934 4769 994 4857 qui
1015 4766 1161 4848 aderant,
1189 4765 1373 4836 salvatoris
1394 4767 1501 4836 virtu·
