3542 5800
468 913 515 964 nr
546 911 661 966 ouans
691 913 812 966 eecce
841 913 1025 966 nucu-n
1052 902 1102 972 17.
1260 905 1305 969 ut

255 1099 384 1166 ferant:
415 1104 548 1186 propter
576 1097 664 1185 quod
694 1105 728 1165 et
757 1097 887 1164 flumini
916 1099 1071 1187 ingerunt
1099 1097 1307 1167 sterilitatem

256 1208 290 1267 et
312 1202 375 1267 sibi
394 1200 661 1268 maledictionem.
706 1199 867 1267 Asscrunt
886 1201 974 1267 enim
997 1203 1098 1268 etiam
1121 1199 1183 1290 ipsi
1207 1203 1308 1289 pisce-

256 1309 342 1368 tores
380 1302 423 1368 ob
460 1303 521 1369 hoc
557 1301 662 1390 ipsam
699 1299 828 1368 flumini
866 1301 1080 1383 sterilitatem,
1111 1307 1146 1370 et
1175 1293 1218 1370 ob
1246 1305 1309 1372 hoc

257 1404 404 1490 capiendi
443 1401 694 1483 difficultatem
731 1423 764 1470 ee
801 1405 979 1470 maximam
1016 1401 1086 1494 pati
1129 1407 1306 1493 penmiam.

258 1505 330 1572 Rex
359 1527 437 1572 vero
467 1504 622 1572 Sebertus
660 1503 798 1572 ecclesie
834 1527 921 1594 saepe
957 1502 1054 1574 dictae
1091 1505 1181 1576 beati
1218 1507 1308 1574 Petri

257 1603 538 1674 westmonasterii
586 1629 661 1674 oum
697 1627 799 1674 uxore
837 1629 898 1674 suo
938 1605 1052 1675 multis
1098 1609 1309 1696 supervivens

258 1711 352 1774 annis
372 1709 467 1797 plura
486 1709 625 1776 contulit
648 1709 742 1790 bona,
765 1714 799 1776 et
822 1710 858 1774 in
882 1711 951 1778 eius
975 1715 1133 1798 provectu
1152 1717 1187 1777 ct
1208 1709 1309 1778 incre-

258 1818 370 1878 mento
405 1810 516 1877 studio
553 1815 674 1878 eandm
709 1809 902 1878 intentionis
931 1811 1135 1880 laborabant
1195 1811 1310 1878 Perae
1322 1818 1411 1898 sebert

257 1920 357 1999 aqua
387 1913 467 1979 aa
497 1911 644 1978 moreau
673 1933 777 1991 oum,
808 1912 896 1980 icem
934 1912 1090 1980 semaa
1118 1935 1193 1980 am
1223 1915 1311 1980 nea
1320 1887 1476 2021 {ffiQ

257 2037 359 2082 uxone
384 2015 510 2080 suain
540 2014 654 2080 eadem
684 2015 816 2080 ecclesie
845 2035 945 2100 quem
975 2015 1044 2102 ipso
1072 2021 1310 2095 construxerat,

258 2118 354 2182 iuxta
376 2117 479 2181 altare
502 2115 591 2201 quod
614 2120 745 2184 semotus
767 2115 885 2182 Petrus
911 2116 1124 2196 dedicaverat,
1147 2117 1184 2182 in
1206 2118 1311 2206 plum-

258 2219 328 2283 beis
351 2217 557 2306 sarcophagis
583 2214 729 2305 sepultus
755 2223 805 2284 est
817 2236 825 2297 3
848 2217 932 2284 sicut
955 2225 1069 2305 postea
1091 2220 1209 2306 reperti
1232 2226 1311 2288 sunt

258 2317 447 2405 aquodam
479 2317 597 2384 abbate
628 2317 708 2385 dicti
733 2319 796 2385 loci
827 2319 993 2386 eccleciam
1023 2321 1212 2408 praedictum
1242 2345 1310 2388 am-

257 2421 415 2509 plioribus
445 2427 624 2487 renovante
654 2417 804 2488 aedificiis
866 2416 933 2488 sed
966 2420 1097 2488 demum
1130 2425 1310 2491 multorum
1323 2448 1476 2503 aurare,

259 2546 421 2590 annorum
467 2523 623 2590 curriculo
675 2522 922 2603 interveniente,
969 2530 1043 2612 post
1088 2527 1311 2614 septingentos

259 2625 362 2713 ipsius
392 2625 520 2692 Seberti
549 2626 696 2691 decessus
726 2647 837 2706 annos,
861 2647 919 2713 per
945 2625 1142 2694 industriam
1171 2628 1311 2696 fiatmm

259 2729 405 2794 ciusdem
435 2727 498 2794 loci
527 2726 563 2792 in
593 2727 663 2792 loco
700 2725 877 2794 honestiori
915 2749 1030 2816 corpus
1067 2724 1198 2817 praelati
1225 2732 1312 2818 regis

261 2835 388 2896 constet
419 2851 486 2896 csse
515 2829 688 2918 sepultum.
747 2827 889 2911 Quidam
914 2835 1025 2897 autem
1056 2827 1209 2900 metricus
1238 2855 1313 2905 con-

261 2933 405 2998 siderans
433 2931 528 2998 istius
558 2931 643 3019 regis
673 2952 779 3017 opera,
811 2936 845 2999 et
876 2932 978 2999 etiam
1013 2924 1166 3001 humanae
1204 2934 1313 3001 condi-

261 3034 361 3100 cionis
384 3032 548 3099 miseriam
572 3038 607 3099 et
630 3032 677 3121 pii
705 3032 926 3100 Retributoris
952 3055 1029 3121 erga
1050 3034 1205 3105 mortales
1226 3058 1313 3103 surm-

260 3158 349 3201 mem
378 3134 643 3215 benivolentiam,
673 3135 807 3201 metrice
837 3134 882 3201 sic
912 3132 979 3201 ait:
1015 3156 1128 3203 versus
1157 3158 1235 3205 vero
1264 3136 1314 3205 ita

262 3242 452 3325 sequuuttu.

342 3512 497 3585 Labilitss‚
519 3508 654 3571 brevitas
674 3510 835 3570 mundane
856 3512 1073 3589 prosperitatis,

344 3602 458 3665 Ooelioe
475 3602 606 3681 pramis,
627 3598 733 3682 glorie,
755 3602 866 3681 gaudia
886 3602 986 3664 danda
1004 3606 1102 3665 beatis

424 3696 581 3758 Sebertum
600 3702 716 3756 certrrm
735 3694 801 3755 lure
821 3696 930 3755 dedere
949 3698 1030 3757 estis

345 3790 404 3849 Hic
424 3806 480 3849 rex
501 3788 683 3850 Christicolis
702 3804 797 3849 verax
816 3786 876 3847 fnit
896 3788 954 3849 huo
972 3791 1103 3867 regione,

344 3880 402 3956 Qui
421 3901 501 3942 nunc
521 3882 655 3942 coelicola
674 3881 787 3959 gaudet
805 3882 941 3941 mercede
961 3900 1086 3942 corone.

343 3976 410 4035 Rex
429 3973 559 4047 humilis,
581 3974 694 4047 docilis,
716 3974 796 4034 scius
815 3982 846 4033 et
865 3974 943 4053 pius,
964 3972 1087 4034 inclitus
1106 3976 1173 4050 iste,

346 4067 476 4141 Solicite‚
497 4067 602 4139 nitide,
624 4066 724 4139 tacite,
738 4065 864 4143 placido,
885 4068 963 4125 bone
984 4066 1113 4140 Christo,

422 4160 499 4219 Vult
519 4159 633 4219 servire
654 4152 726 4219 Tibi
745 4154 929 4235 proficiendo
949 4154 1017 4217 sibi.

346 4252 442 4313 Ornat
461 4270 566 4325 morsa,
589 4246 705 4329 spernit
724 4248 813 4311 flores
833 4246 910 4309 lucis
930 4267 1037 4322 averae,

346 4342 482 4404 Gliscens
502 4341 630 4405 multum
651 4336 767 4403 olrici
787 4340 900 4401 cultum
920 4338 1076 4417 letificare,

345 4436 507 4497 Ecclesium
527 4435 651 4495 nimium
671 4430 763 4494 nimio
783 4431 883 4493 studio
904 4429 1075 4495 fabricavit.

344 4526 427 4589 Visio
447 4528 583 4603 dictavit,
604 4528 684 4607 quod
704 4540 769 4587 earn
788 4526 945 4587 lustrando
966 4526 1082 4590 dicarit

346 4618 455 4684 Petrus
468 4620 620 4701 apostolus
632 4639 641 4693 ς
661 4626 775 4681 estnec
788 4620 821 4678 in
834 4620 892 4679 hoo
905 4620 999 4694 dolus,
1012 4621 1103 4681 immo
1116 4620 1256 4700 proterit

347 4714 421 4777 Heu
438 4716 532 4775 illesa
550 4732 656 4775 monus
676 4730 743 4790 quse
761 4710 957 4773 fundamenta
975 4713 1096 4775 locavit

348 4806 408 4868 Hic
427 4807 625 4887 septingentis
645 4806 732 4869 annis
751 4814 834 4867 terra
853 4806 1019 4867 tumulatus
