3542 5800
502 853 549 902 na
570 851 685 902 omns
707 851 828 902 ananie
849 851 1033 904 anea-11.
1058 842 1109 902 45,
1274 843 1335 904 lea

284 1041 320 1106 in
348 1039 429 1106 Asia
453 1045 528 1127 post
550 1039 679 1106 obitum
701 1039 779 1117 eius,
804 1046 838 1104 et
860 1041 967 1105 omnis
990 1063 1048 1127 per
1071 1039 1182 1106 orbem
1205 1041 1336 1110 ecclesia

286 1165 443 1209 conversa
467 1149 525 1210 est
580 1142 625 1208 Et
656 1143 716 1208 hoc
747 1163 815 1206 esse
837 1163 952 1208 verum
984 1142 1117 1220 Pascha,
1141 1143 1202 1210 hoe
1232 1144 1336 1210 solum

287 1244 440 1340 fidelibm
462 1244 698 1321 celebrandum,
727 1245 863 1310 Nicaeno
898 1244 1047 1312 concilio¹
1082 1267 1151 1312 non
1173 1251 1336 1312 statutum

286 1349 423 1425 noviter,
460 1348 519 1418 sed
554 1348 782 1412 confirmatum
816 1353 874 1426 est,
914 1353 954 1412 ut
991 1347 1205 1415 ecclesiastica
1242 1350 1337 1415 docet

286 1449 429 1515 historia.
475 1449 576 1514 Unde
597 1455 726 1516 constat
747 1470 814 1525 vos,
832 1449 1020 1528 Colmanne,
1043 1471 1150 1538 neque
1164 1449 1336 1525 lobannis,

286 1557 326 1616 ut
347 1551 534 1628 autumatis
559 1550 709 1637 exempla
734 1553 989 1638 samariaeque
1024 1552 1123 1630 Petri,
1147 1553 1239 1620 citius
1271 1557 1338 1618 tra·

287 1652 406 1718 ditioni
437 1654 574 1718 scientes
608 1654 839 1734 contradicitis,
863 1675 970 1740 neque
995 1653 1076 1742 Legi
1098 1675 1205 1742 neque
1229 1655 1338 1720 Evan-

285 1756 370 1842 gelio
386 1755 422 1820 in
436 1755 662 1820 observatione
676 1755 777 1820 vestri
798 1755 931 1823 Paschae
952 1779 1134 1844 congruere.
1169 1755 1338 1823 lohannes

286 1859 373 1922 enim
403 1858 446 1924 ad
474 1857 557 1944 legis
587 1857 739 1924 Mosaicae
770 1857 901 1924 decreta
930 1865 1061 1946 tempus
1084 1858 1238 1925 Paschale
1268 1879 1338 1924 cus·

286 1961 425 2038 todiens,
451 1960 500 2024 nil
523 1959 564 2024 de
593 1959 700 2046 prima
730 1959 860 2026 sabbati
882 1961 1041 2042 curabat3
1072 1961 1161 2048 quod
1186 1983 1245 2028 vos
1271 1981 1338 2026 non

286 2062 400 2138 facitis,
436 2062 494 2147 qui
526 2061 674 2127 nonnisi'
707 2063 814 2148 prima
842 2063 974 2128 sabbati
1004 2062 1129 2128 Pascha
1160 2062 1337 2128 celebratis.

288 2164 404 2229 Petms
427 2186 448 2230 a
468 2165 586 2248 quinta
608 2164 733 2229 decima
758 2163 838 2229 luna
859 2187 962 2250 usque
985 2165 1028 2230 ad
1054 2165 1241 2230 vicesimam
1273 2165 1339 2252 pri·

286 2289 375 2331 mam
401 2267 488 2331 diem
510 2265 643 2331 Paschae
674 2265 885 2332 Dominicum
917 2266 1125 2348 celebrabat3
1157 2269 1245 2353 quod
1278 2287 1338 2334 vos

286 2391 354 2435 non
384 2368 500 2446 facitis,
526 2369 584 2454 qui
610 2390 631 2434 a
653 2375 773 2453 quarta
795 2369 921 2434 decima
953 2389 1055 2456 usque
1084 2369 1126 2434 ad
1149 2369 1337 2434 vicesimam

287 2470 399 2536 lunam
415 2471 502 2536 diem
517 2469 727 2535 Dominicum
742 2469 876 2536 Paschae
900 2470 1098 2536 observatis:
1122 2472 1171 2536 ite
1185 2477 1225 2538 ut
1238 2473 1339 2537 tertia

286 2574 412 2638 decima
448 2573 527 2636 luna
564 2573 607 2636 ad
647 2593 812 2658 vesperam
847 2573 966 2659 saepius
1003 2571 1127 2638 Pascha
1164 2575 1337 2661 incipiatis,

285 2677 378 2740 cuius
399 2695 505 2760 neque
531 2675 602 2738 Lex
623 2673 727 2738 ullam
748 2673 827 2739 facit
848 2675 1073 2754 mentionem,l
1086 2697 1192 2762 neque
1215 2676 1340 2742 Auctor

286 2799 325 2842 ac
363 2777 469 2842 Dator
506 2775 679 2863 Evangelii
718 2777 881 2841 Dominus
912 2777 948 2842 in
983 2800 1029 2856 ea,
1065 2778 1121 2842 sed
1155 2779 1190 2843 in
1221 2785 1340 2864 quarta

286 2881 412 2947 decima
440 2878 495 2945 vel
516 2884 614 2945 vetus
636 2877 762 2944 Pascha
783 2879 998 2945 manducavit
1020 2879 1063 2945 ad
1084 2902 1262 2967 vesperam,
1287 2881 1339 2945 vel

286 2984 365 3048 novi
386 2983 577 3048 testamenti
608 2987 811 3046 sacramenta
834 2982 870 3047 in
895 2982 1238 3047 commemorationem
1269 3002 1337 3049 suae

286 3086 444 3171 passionis
475 3084 616 3149 ecclesiae
639 3082 831 3147 celebranda
853 3083 1003 3149 tradidit.
1052 3082 1204 3169 itemque
1225 3083 1338 3148 lunam

286 3188 473 3253 vicesimam
505 3187 652 3273 primam,
689 3207 788 3271 quam
823 3186 894 3250 Lex
932 3184 1076 3250 maxime
1110 3184 1337 3252 celebrandam

287 3288 537 3363 commendavit,
576 3312 597 3351 a
634 3286 850 3353 celebratione
888 3288 990 3353 vestri
1025 3286 1158 3353 Paschae
1190 3286 1339 3353 fimditus

287 3391 464 3456 eliminatis
479 3388 506 3455 :⁴
542 3391 661 3475 sicque,
694 3394 734 3453 ut
771 3390 850 3466 dixi,
874 3390 911 3454 in
950 3389 1165 3455 celebratione
1202 3412 1338 3457 summae

287 3492 487 3569 festivitatis,
518 3514 623 3577 neque
655 3490 810 3567 Johanni,
842 3514 950 3578 neque
974 3492 1081 3573 Petro,
1109 3516 1215 3581 neque
1248 3492 1336 3581 Legi,

287 3616 392 3683 neque
415 3594 596 3680 Evangelio
618 3592 847 3658 concordatis.''

332 3698 397 3763 His
418 3703 533 3761 contra
555 3695 775 3762 Colmannus:
799 3704 817 3732 “
829 3696 1029 3783 Numquid,”
1052 3698 1108 3776 ait,
1134 3698 1337 3765 “Anatolius
1350 3720 1461 3773 Colmm

288 3800 341 3864 vir
362 3804 500 3873 sanctus,
525 3804 558 3862 et
580 3798 618 3861 in
639 3798 777 3883 praefata
797 3797 936 3863 historia
958 3799 1172 3863 ecclesiastica
1196 3800 1336 3866 multum

288 3903 449 3976 laudatus,
485 3900 565 3985 legi
596 3900 649 3963 vel
683 3900 865 3985 Evangelio
897 3902 1059 3965 contraria
1089 3900 1206 3988 sapuit,
1231 3902 1288 3987 qui
1318 3924 1337 3965 a

289 4002 547 4090 quartadecima
568 4022 671 4087 usque
693 4000 737 4066 nd
759 4002 948 4067 vicesimam
971 4002 1093 4068 Pascha
1110 4001 1337 4068 celebrandum

289 4106 442 4191 scripsitl
485 4100 679 4189 Numquid⁶
700 4104 998 4169 reverentissimum
1031 4110 1156 4189 patrem
1190 4109 1338 4169 nostrum

290 4206 493 4279 columbam,
517 4211 551 4270 et
581 4226 776 4270 successores
807 4206 876 4271 eius
899 4206 988 4271 viros
1022 4204 1093 4271 Deo
1116 4206 1257 4287 dilectos,
1282 4208 1339 4294 qui

289 4309 403 4375 eodem
440 4308 537 4373 modo
575 4306 699 4373 Pascha
734 4308 888 4385 fecerunt,
929 4306 1061 4373 Divinis
1099 4309 1228 4397 paginis
1265 4332 1339 4377 con·

296 4500 377 4507 --——
690 4500 719 4505 --
732 4498 975 4505 ——-—-——
1232 4506 1332 4515 ἡ

328 4609 334 4638 ¹
347 4607 461 4675 concilio]
481 4608 593 4669 consilio,
605 4608 661 4659 MS.
875 4608 885 4638 ⁴
896 4608 1036 4674 eliminatis]
1056 4608 1204 4668 clamitantis,
1216 4610 1273 4662 MS.

326 4688 456 4753 ’nosaisq
470 4688 607 4748 nausa
618 4688 794 4749 nonniaillsd.
877 4690 888 4720 ⁸
900 4689 1038 4757 Numquid]
1053 4690 1174 4757 Nunqcit,
1186 4690 1241 4743 MS.

329 4767 339 4796 ¹
351 4766 502 4833 amnem]
521 4766 683 4828 mensionem,
693 4766 750 4820 ΜΒ.
