3542 5800
483 850 526 916 92
737 866 802 916 nin
833 865 880 915 ns
909 864 1042 916 mnam
1071 864 1159 914 sono.
1189 864 1275 915 msa

482 1049 656 1137 episeopos‚
702 1049 867 1116 Mellitum
907 1049 1062 1116 tidolioat
1090 1053 1126 1115 et
1161 1047 1318 1114 Justum:
1364 1045 1532 1114 Mellitum

482 1151 616 1236 quidem
646 1153 688 1218 nd
718 1153 963 1238 praediosndnm
992 1150 1172 1238 provincia
1197 1150 1416 1217 Oiientalimn
1446 1150 1532 1216 Sn-

481 1275 590 1330 onum,
630 1255 688 1340 qni
725 1253 882 1321 Tamanse
919 1254 1022 1319 fluvio
1051 1254 1254 1318 dirimuntur
1289 1275 1311 1318 a
1341 1251 1468 1318 Kantia
1496 1258 1533 1317 et

481 1357 544 1442 ipsi
576 1355 737 1424 Orientali
767 1358 852 1422 mari
881 1356 1037 1442 contigui,
1062 1377 1203 1442 quorum
1225 1351 1414 1441 metropolis
1444 1355 1532 1420 Lon·

482 1458 581 1524 donia
605 1459 722 1524 civitas
747 1464 806 1536 est,
834 1481 934 1546 supra
955 1459 1062 1545 ripam
1088 1456 1218 1545 praefati
1243 1455 1389 1521 fluminis
1413 1457 1529 1544 posita,

481 1566 517 1626 et
546 1561 618 1648 ipsa
647 1562 826 1628 multorum
861 1558 1056 1647 emporium¹
1083 1559 1278 1647 populorum
1309 1563 1400 1623 terra
1430 1559 1531 1623 mari·

481 1685 546 1748 que
567 1663 780 1756 uenientium.
833 1663 876 1728 In
905 1684 972 1748 qua
1002 1667 1099 1750 genta
1129 1667 1210 1726 tuno
1232 1660 1392 1748 tempon's
1414 1658 1532 1726 Seber-

481 1770 536 1831 tus
558 1789 658 1852 nepos
684 1765 883 1832 AEthslberti
913 1787 956 1830 ex
984 1785 1094 1830 sorore
1120 1763 1246 1840 Rioula
1269 1763 1355 1828 siout
1376 1763 1532 1850 praedixi·

481 1889 562 1945 mus,
586 1869 755 1956 regnabat,
779 1867 931 1954 quamvis
953 1867 1015 1934 sub
1044 1871 1208 1952 potestate
1236 1865 1363 1952 positus
1384 1865 1532 1931 eiusdem
1558 1945 1561 1949 ἵ

315 1977 353 2030 cs.
375 1979 430 2030 Lib.
450 1969 674 2048 tEthelberti
692 1971 750 2056 qui
772 1967 947 2046 omnibus,2
967 1973 1007 2034 ut
1028 1991 1127 2056 supra
1150 1968 1275 2033 dictum
1294 1973 1353 2044 ast,
1368 1968 1532 2054 usquead

313 2060 335 2096 ⁰·
348 2051 388 2096 ³⁶·
481 2074 660 2138 terminum
694 2072 858 2138 Humbrae
889 2071 1034 2136 fluminis
1068 2071 1251 2157 Anglorum
1286 2069 1442 2157 gentibus
1470 2070 1533 2134 im·

481 2174 625 2260 perabat.
672 2173 742 2240 Ubi
768 2195 847 2240 vero
871 2178 906 2238 et
929 2172 1000 2238 haeo
1029 2172 1200 2260 provintia
1220 2173 1359 2237 verbum
1380 2171 1532 2238 veritatis

481 2277 678 2362 praedionnte
728 2275 855 2342 Mellito
908 2276 1042 2361 aceepit
1089 2273 1167 2340 fecit
1213 2296 1274 2339 rex
1318 2272 1532 2340 Ethalbertus

481 2378 517 2442 in
552 2377 686 2442 civitate
716 2376 892 2442 Londonia
921 2377 1088 2442 eoolesiam
1121 2377 1226 2442 sanati
1257 2375 1353 2442 Pauli
1381 2377 1530 2463 apostoli,

479 2479 516 2546 in
546 2501 612 2564 qua
640 2478 749 2544 looum
772 2479 857 2544 sadis
887 2479 1075 2566 episcopatis
1109 2483 1144 2544 et
1172 2480 1241 2565 ipse
1270 2483 1306 2544 et
1333 2499 1534 2545 suoosssoras

312 2597 409 2676 Jpns,
481 2582 550 2649 eius
571 2582 738 2649 haberant.
783 2582 807 2648 J
809 2587 921 2648 ustum
938 2605 1018 2649 vero
1039 2583 1076 2647 in
1098 2583 1170 2670 ipsa
1184 2581 1311 2647 Kantia
1324 2583 1533 2669 Augustinus

312 2665 449 2786 fflffi
480 2685 665 2772 apisoopum
696 2683 862 2751 ordinavit
886 2686 923 2750 in
946 2685 1081 2752 civitate
1107 2683 1302 2760 Dorubrani
1326 2705 1427 2770 qoam
1450 2707 1532 2772 gans

450 2769 456 2784 ¹
480 2788 665 2874 Anglorum
686 2787 875 2875 aprimario
893 2789 1060 2874 quondam
1077 2787 1165 2853 illius
1188 2787 1247 2873 qui
1266 2787 1436 2852 dioebatur
1457 2787 1531 2865 Ros,

483 2890 669 2959 Rofeoester
705 2891 922 2980 cognominat
991 2889 1105 2957 Distat
1132 2891 1246 2956 autom
1278 2912 1300 2955 a
1341 2888 1532 2957 Doruboeni

480 2992 626 3060 milibus³
640 3015 794 3083 passuum
815 2995 918 3061 ferme
935 2992 1057 3081 viginti
1082 2996 1225 3080 quatuor
1250 2993 1294 3058 ad
1319 2992 1529 3069 occidentem,

479 3096 515 3163 in
545 3119 611 3183 qua
640 3098 865 3163 AEthalbertus
895 3094 1062 3162 aeclesiam
1091 3096 1183 3161 beati
1211 3095 1356 3161 Andseae
1392 3096 1532 3182 apostoli

479 3201 564 3265 facit
627 3200 693 3281 Qui
726 3200 827 3265 etiam
860 3198 1018 3285 episeopis
1056 3199 1230 3285 utriusque
1268 3196 1410 3264 ooolasiae
1446 3198 1532 3264 dona

480 3300 593 3377 multa,
613 3300 698 3366 siout
720 3304 754 3367 st
776 3300 1028 3376 Dorobamonsi,
1053 3300 1192 3387 optulit:
1227 3299 1287 3365 sed
1307 3304 1343 3365 ot
1364 3298 1531 3365 tanitoria

479 3423 518 3466 aa
539 3402 753 3486 possessiones
774 3400 810 3465 in
830 3422 926 3466 usum
948 3421 1061 3467 eorum
1082 3400 1139 3488 qui
1162 3406 1257 3467 erant
1278 3421 1353 3467 oum
1375 3402 1532 3489 episeopis

313 3602 451 3683 copim.
480 3501 606 3666 affiticii
619 3623 696 3667 vero
722 3602 891 3689 provincia
920 3602 1136 3669 Onentaiium
1163 3602 1333 3669 Saxonum
1357 3625 1431 3670 oum
1460 3605 1532 3691 ipso

314 3669 458 3803 {2334
480 3726 554 3791 rege
583 3726 642 3769 suo
669 3702 804 3770 Sebarto
830 3705 969 3770 verbnm
994 3706 1145 3771 veritatis
1174 3706 1372 3793 praedioonte
1402 3705 1532 3773 Mellito

313 3806 371 3855 ³⁸⁷·
480 3806 622 3894 aooepit3
645 3805 800 3893 praefatus
821 3806 943 3871 scilieet
964 3828 1022 3871 mx
1049 3805 1204 3873 sabana
1221 3807 1265 3872 ad
1284 3808 1532 3895 instigationem

312 3918 394 3971 wat
480 3906 646 3981 ammonii*
668 3908 720 3973 sni
745 3908 830 3995 mgis
852 3908 1051 3974 AEthalberti
1075 3908 1113 3973 in
1136 3909 1328 3975 oocidentali
1352 3910 1531 3977 Londoniae

312 3985 1532 4121 fflffimwfflmmmmmffimm

312 4110 567 4179 buinontheloous
597 4110 645 4178 et⁶
674 4110 835 4178 Thorneia
864 4111 979 4188 dictus,
1009 4110 1157 4177 inolitam
1192 4112 1358 4178 bosilioam
1395 4114 1467 4181 Deo
1496 4120 1532 4182 et

514 4584 674 4650 'emporium
687 4584 844 4649 emptorium.
857 4583 913 4636 MS.
1062 4585 1191 4654 ⁸21OEth
1205 4588 1286 4651 milio,
1296 4589 1354 4643 MS.

512 4665 576 4728 ’qui
587 4662 709 4729 manitus]
733 4662 777 4729 qui
796 4662 911 4715 omnibus
927 4664 979 4729 qui,
1064 4664 1212 4733 Ἧιοιειιὶι]
1226 4668 1481 4732 nepotinflrsthana

480 4742 536 4796 MS.
1063 4742 1149 4795 ‘ten
1159 4746 1195 4813 et]
1209 4754 1234 4797 et
1245 4748 1323 4809 loeus,
1331 4747 1389 4799 MS.
