<?xml version="1.0" encoding="UTF-8"?>
<!DOCTYPE html PUBLIC "-//W3C//DTD XHTML 1.0 Transitional//EN"
    "http://www.w3.org/TR/xhtml1/DTD/xhtml1-transitional.dtd">
<html xmlns="http://www.w3.org/1999/xhtml" xml:lang="en" lang="en">
 <head>
  <title>
</title>
<meta http-equiv="Content-Type" content="text/html;charset=utf-8" />
  <meta name='ocr-system' content='tesseract 3.04.00' />
  <meta name='ocr-capabilities' content='ocr_page ocr_carea ocr_par ocr_line ocrx_word'/>
</head>
<body>
  <div class='ocr_page' id='page_1' title='image "./speculumhistori01mayogoog_0024.png"; bbox 0 0 3542 5800; ppageno 0'>
   <div class='ocr_carea' id='block_1_1' title="bbox 405 850 1286 921">
    <p class='ocr_par' dir='ltr' id='par_1_1' title="bbox 405 850 1286 921">
     <span class='ocr_line' id='line_1_1' title="bbox 405 850 1286 921; baseline 0.007 -6"><span class='ocrx_word' id='word_1_1' title='bbox 405 866 453 916; x_wconf 78' lang='lat' dir='ltr'><strong>nn</strong></span> <span class='ocrx_word' id='word_1_2' title='bbox 475 865 597 917; x_wconf 75' lang='lat' dir='ltr'><strong>omnis</strong></span> <span class='ocrx_word' id='word_1_3' title='bbox 620 866 740 917; x_wconf 78' lang='lat' dir='ltr'><strong>anonis</strong></span> <span class='ocrx_word' id='word_1_4' title='bbox 761 865 929 919; x_wconf 76' lang='lat' dir='ltr'><strong>mou-n</strong></span> <span class='ocrx_word' id='word_1_5' title='bbox 953 866 1129 919; x_wconf 73' lang='lat' dir='ltr'><strong>caninum.</strong></span> <span class='ocrx_word' id='word_1_6' title='bbox 1265 850 1286 921; x_wconf 82' lang='lat'>7</span> 
     </span>
    </p>
   </div>
   <div class='ocr_carea' id='block_1_2' title="bbox 240 1050 824 1233">
    <p class='ocr_par' dir='ltr' id='par_1_2' title="bbox 240 1050 824 1233">
     <span class='ocr_line' id='line_1_2' title="bbox 242 1050 824 1129; baseline 0 -20"><span class='ocrx_word' id='word_1_7' title='bbox 242 1050 287 1109; x_wconf 87' lang='lat' dir='ltr'><strong>De</strong></span> <span class='ocrx_word' id='word_1_8' title='bbox 301 1050 486 1111; x_wconf 81' lang='lat' dir='ltr'><strong>Thsdwoldo</strong></span> <span class='ocrx_word' id='word_1_9' title='bbox 499 1068 580 1128; x_wconf 79' lang='lat' dir='ltr'><strong>roge.</strong></span> <span class='ocrx_word' id='word_1_10' title='bbox 625 1050 698 1129; x_wconf 79' lang='lat' dir='ltr'><strong>Cap.</strong></span> <span class='ocrx_word' id='word_1_11' title='bbox 713 1050 824 1109; x_wconf 82' lang='lat' dir='ltr'><strong>xxxix.</strong></span> 
     </span>
     <span class='ocr_line' id='line_1_3' title="bbox 240 1152 787 1233; baseline -0.002 -20"><span class='ocrx_word' id='word_1_12' title='bbox 240 1154 285 1213; x_wconf 89' lang='lat' dir='ltr'><strong>De</strong></span> <span class='ocrx_word' id='word_1_13' title='bbox 298 1154 513 1232; x_wconf 84' lang='lat' dir='ltr'><strong>Frethewlpho</strong></span> <span class='ocrx_word' id='word_1_14' title='bbox 526 1172 606 1233; x_wconf 71' lang='lat' dir='ltr'><strong>rege.</strong></span> <span class='ocrx_word' id='word_1_15' title='bbox 652 1152 729 1232; x_wconf 81' lang='lat' dir='ltr'><strong>Cap.</strong></span> <span class='ocrx_word' id='word_1_16' title='bbox 743 1154 787 1213; x_wconf 84' lang='lat' dir='ltr'><strong>xl.</strong></span> 
     </span>
    </p>
   </div>
   <div class='ocr_carea' id='block_1_3' title="bbox 240 1256 1285 1519">
    <p class='ocr_par' dir='ltr' id='par_1_3' title="bbox 240 1256 1285 1519">
     <span class='ocr_line' id='line_1_4' title="bbox 240 1256 1212 1336; baseline -0.003 -18"><span class='ocrx_word' id='word_1_17' title='bbox 240 1258 287 1317; x_wconf 90' lang='lat' dir='ltr'><strong>De</strong></span> <span class='ocrx_word' id='word_1_18' title='bbox 300 1258 386 1336; x_wconf 82' lang='lat' dir='ltr'><strong>oyolo</strong></span> <span class='ocrx_word' id='word_1_19' title='bbox 399 1258 534 1335; x_wconf 78' lang='lat' dir='ltr'><strong>paschali</strong></span> <span class='ocrx_word' id='word_1_20' title='bbox 546 1265 579 1317; x_wconf 83' lang='lat' dir='ltr'><strong>et</strong></span> <span class='ocrx_word' id='word_1_21' title='bbox 593 1256 704 1335; x_wconf 87' lang='lat' dir='ltr'><strong>Wlpha</strong></span> <span class='ocrx_word' id='word_1_22' title='bbox 716 1276 788 1335; x_wconf 80' lang='lat' dir='ltr'><strong>rege</strong></span> <span class='ocrx_word' id='word_1_23' title='bbox 800 1256 1023 1333; x_wconf 82' lang='lat' dir='ltr'><strong>Estnuglorum</strong></span> <span class='ocrx_word' id='word_1_24' title='bbox 1070 1256 1144 1336; x_wconf 80' lang='lat' dir='ltr'><strong>Cap.</strong></span> <span class='ocrx_word' id='word_1_25' title='bbox 1159 1258 1212 1316; x_wconf 85' lang='lat' dir='ltr'>xli.</span> 
     </span>
     <span class='ocr_line' id='line_1_5' title="bbox 242 1346 1285 1426; baseline -0.001 -18"><span class='ocrx_word' id='word_1_26' title='bbox 242 1348 328 1421; x_wconf 83' lang='lat' dir='ltr'><strong>Quod</strong></span> <span class='ocrx_word' id='word_1_27' title='bbox 355 1350 558 1410; x_wconf 83' lang='lat' dir='ltr'><strong>Tbeodorioua</strong></span> <span class='ocrx_word' id='word_1_28' title='bbox 581 1349 725 1411; x_wconf 85' lang='lat' dir='ltr'><strong>suooessit</strong></span> <span class='ocrx_word' id='word_1_29' title='bbox 750 1346 964 1426; x_wconf 81' lang='lat' dir='ltr'><strong>Frethewlpho</strong></span> <span class='ocrx_word' id='word_1_30' title='bbox 994 1350 1026 1407; x_wconf 90' lang='lat' dir='ltr'><strong>in</strong></span> <span class='ocrx_word' id='word_1_31' title='bbox 1058 1366 1152 1426; x_wconf 82' lang='lat' dir='ltr'><strong>regno</strong></span> <span class='ocrx_word' id='word_1_32' title='bbox 1179 1348 1285 1409; x_wconf 86' lang='lat' dir='ltr'><strong>Berni-</strong></span> 
     </span>
     <span class='ocr_line' id='line_1_6' title="bbox 278 1439 604 1519; baseline 0 -20"><span class='ocrx_word' id='word_1_33' title='bbox 278 1439 407 1499; x_wconf 87' lang='lat' dir='ltr'><strong>oiornm.</strong></span> <span class='ocrx_word' id='word_1_34' title='bbox 450 1440 523 1519; x_wconf 81' lang='lat' dir='ltr'><strong>Cap.</strong></span> <span class='ocrx_word' id='word_1_35' title='bbox 538 1440 604 1499; x_wconf 84' lang='lat' dir='ltr'><strong>xlii.</strong></span> 
     </span>
    </p>
   </div>
   <div class='ocr_carea' id='block_1_4' title="bbox 243 1540 1287 1815">
    <p class='ocr_par' dir='ltr' id='par_1_4' title="bbox 243 1540 1287 1815">
     <span class='ocr_line' id='line_1_7' title="bbox 243 1540 1287 1620; baseline 0 -17"><span class='ocrx_word' id='word_1_36' title='bbox 243 1542 330 1615; x_wconf 84' lang='lat' dir='ltr'><strong>Quod</strong></span> <span class='ocrx_word' id='word_1_37' title='bbox 358 1550 429 1620; x_wconf 85' lang='lat' dir='ltr'><strong>post</strong></span> <span class='ocrx_word' id='word_1_38' title='bbox 455 1543 577 1603; x_wconf 83' lang='lat' dir='ltr'><strong>Wiffam</strong></span> <span class='ocrx_word' id='word_1_39' title='bbox 605 1560 705 1619; x_wconf 84' lang='lat' dir='ltr'><strong>regem</strong></span> <span class='ocrx_word' id='word_1_40' title='bbox 733 1540 934 1603; x_wconf 75' lang='lat' dir='ltr'><strong>Orientalium</strong></span> <span class='ocrx_word' id='word_1_41' title='bbox 961 1542 1132 1620; x_wconf 78' lang='lat' dir='ltr'><strong>Anglorum</strong></span> <span class='ocrx_word' id='word_1_42' title='bbox 1166 1544 1287 1603; x_wconf 85' lang='lat' dir='ltr'><strong>Titulus</strong></span> 
     </span>
     <span class='ocr_line' id='line_1_8' title="bbox 280 1632 645 1711; baseline -0.005 -18"><span class='ocrx_word' id='word_1_43' title='bbox 280 1634 432 1694; x_wconf 82' lang='lat' dir='ltr'><strong>suecessit.</strong></span> <span class='ocrx_word' id='word_1_44' title='bbox 478 1632 550 1711; x_wconf 80' lang='lat' dir='ltr'><strong>Cap.</strong></span> <span class='ocrx_word' id='word_1_45' title='bbox 567 1634 645 1692; x_wconf 84' lang='lat' dir='ltr'><strong>xliii.</strong></span> 
     </span>
     <span class='ocr_line' id='line_1_9' title="bbox 243 1735 1246 1815; baseline 0 -20"><span class='ocrx_word' id='word_1_46' title='bbox 243 1736 329 1811; x_wconf 80' lang='lat' dir='ltr'><strong>Quod</strong></span> <span class='ocrx_word' id='word_1_47' title='bbox 342 1736 505 1798; x_wconf 82' lang='lat' dir='ltr'><strong>Oeaulinus</strong></span> <span class='ocrx_word' id='word_1_48' title='bbox 519 1754 574 1795; x_wconf 88' lang='lat' dir='ltr'><strong>rex</strong></span> <span class='ocrx_word' id='word_1_49' title='bbox 589 1736 821 1797; x_wconf 71' lang='lat' dir='ltr'>westsaxonum</span> <span class='ocrx_word' id='word_1_50' title='bbox 834 1742 934 1795; x_wconf 83' lang='lat' dir='ltr'><strong>eastra</strong></span> <span class='ocrx_word' id='word_1_51' title='bbox 947 1736 1036 1813; x_wconf 81' lang='lat' dir='ltr'><strong>cepit.</strong></span> <span class='ocrx_word' id='word_1_52' title='bbox 1083 1735 1155 1815; x_wconf 83' lang='lat' dir='ltr'><strong>Cap.</strong></span> <span class='ocrx_word' id='word_1_53' title='bbox 1172 1736 1246 1795; x_wconf 84' lang='lat' dir='ltr'><strong>xliv.</strong></span> 
     </span>
    </p>
   </div>
   <div class='ocr_carea' id='block_1_5' title="bbox 242 1838 1285 2008">
    <p class='ocr_par' dir='ltr' id='par_1_5' title="bbox 242 1838 1285 2008">
     <span class='ocr_line' id='line_1_10' title="bbox 242 1838 1285 1913; baseline -0.003 -13"><span class='ocrx_word' id='word_1_54' title='bbox 242 1841 328 1913; x_wconf 83' lang='lat' dir='ltr'><strong>Quod</strong></span> <span class='ocrx_word' id='word_1_55' title='bbox 342 1838 505 1900; x_wconf 81' lang='lat' dir='ltr'><strong>ceaulinus</strong></span> <span class='ocrx_word' id='word_1_56' title='bbox 522 1858 578 1899; x_wconf 86' lang='lat' dir='ltr'><strong>rex</strong></span> <span class='ocrx_word' id='word_1_57' title='bbox 595 1848 628 1899; x_wconf 88' lang='lat' dir='ltr'><strong>et</strong></span> <span class='ocrx_word' id='word_1_58' title='bbox 647 1838 743 1900; x_wconf 74' lang='lat' dir='ltr'><strong>inter</strong></span> <span class='ocrx_word' id='word_1_59' title='bbox 761 1839 827 1899; x_wconf 86' lang='lat' dir='ltr'><strong>eius</strong></span> <span class='ocrx_word' id='word_1_60' title='bbox 840 1838 1022 1899; x_wconf 76' lang='lat' dir='ltr'><strong>cuthwinus</strong></span> <span class='ocrx_word' id='word_1_61' title='bbox 1043 1858 1110 1899; x_wconf 87' lang='lat' dir='ltr'><strong>oum</strong></span> <span class='ocrx_word' id='word_1_62' title='bbox 1129 1840 1285 1900; x_wconf 74' lang='lat' dir='ltr'><strong>Britannis</strong></span> 
     </span>
     <span class='ocr_line' id='line_1_11' title="bbox 278 1928 827 2008; baseline -0.005 -16"><span class='ocrx_word' id='word_1_63' title='bbox 278 1932 392 1992; x_wconf 88' lang='lat' dir='ltr'><strong>bellum</strong></span> <span class='ocrx_word' id='word_1_64' title='bbox 404 1931 626 1991; x_wconf 79' lang='lat' dir='ltr'><strong>summiserunt.</strong></span> <span class='ocrx_word' id='word_1_65' title='bbox 672 1928 747 2008; x_wconf 80' lang='lat' dir='ltr'><strong>Cup.</strong></span> <span class='ocrx_word' id='word_1_66' title='bbox 762 1929 827 1989; x_wconf 81' lang='lat' dir='ltr'><strong>xlv.</strong></span> 
     </span>
    </p>
   </div>
   <div class='ocr_carea' id='block_1_6' title="bbox 243 2032 1286 2203">
    <p class='ocr_par' dir='ltr' id='par_1_6' title="bbox 243 2032 1286 2203">
     <span class='ocr_line' id='line_1_12' title="bbox 243 2032 1286 2111; baseline -0.002 -17"><span class='ocrx_word' id='word_1_67' title='bbox 243 2035 328 2108; x_wconf 80' lang='lat' dir='ltr'><strong>Quod</strong></span> <span class='ocrx_word' id='word_1_68' title='bbox 348 2053 475 2111; x_wconf 81' lang='lat' dir='ltr'><strong>regnum</strong></span> <span class='ocrx_word' id='word_1_69' title='bbox 495 2034 677 2093; x_wconf 77' lang='lat' dir='ltr'><strong>Marciorum</strong></span> <span class='ocrx_word' id='word_1_70' title='bbox 695 2032 817 2093; x_wconf 85' lang='lat' dir='ltr'><strong>initium</strong></span> <span class='ocrx_word' id='word_1_71' title='bbox 836 2033 971 2111; x_wconf 73' lang='lat' dir='ltr'><strong>sumpsit,</strong></span> <span class='ocrx_word' id='word_1_72' title='bbox 992 2032 1077 2093; x_wconf 87' lang='lat' dir='ltr'><strong>ouius</strong></span> <span class='ocrx_word' id='word_1_73' title='bbox 1098 2052 1152 2093; x_wconf 84' lang='lat' dir='ltr'><strong>rex</strong></span> <span class='ocrx_word' id='word_1_74' title='bbox 1172 2036 1286 2111; x_wconf 78' lang='lat' dir='ltr'><strong>primns</strong></span> 
     </span>
     <span class='ocr_line' id='line_1_13' title="bbox 281 2124 712 2203; baseline -0.005 -18"><span class='ocrx_word' id='word_1_75' title='bbox 281 2126 419 2186; x_wconf 80' lang='lat' dir='ltr'><strong>Creodda</strong></span> <span class='ocrx_word' id='word_1_76' title='bbox 431 2126 500 2185; x_wconf 78' lang='lat' dir='ltr'><strong>tuit</strong></span> <span class='ocrx_word' id='word_1_77' title='bbox 546 2124 621 2203; x_wconf 81' lang='lat' dir='ltr'><strong>Cap.</strong></span> <span class='ocrx_word' id='word_1_78' title='bbox 635 2124 712 2183; x_wconf 82' lang='lat' dir='ltr'><strong>xlvi.</strong></span> 
     </span>
    </p>
   </div>
   <div class='ocr_carea' id='block_1_7' title="bbox 245 2227 1286 2398">
    <p class='ocr_par' dir='ltr' id='par_1_7' title="bbox 245 2227 1286 2398">
     <span class='ocr_line' id='line_1_14' title="bbox 245 2227 1286 2304; baseline 0.004 -16"><span class='ocrx_word' id='word_1_79' title='bbox 245 2230 397 2302; x_wconf 81' lang='lat' dir='ltr'><strong>Quomodo</strong></span> <span class='ocrx_word' id='word_1_80' title='bbox 408 2229 550 2289; x_wconf 87' lang='lat' dir='ltr'><strong>Britones</strong></span> <span class='ocrx_word' id='word_1_81' title='bbox 562 2228 691 2304; x_wconf 85' lang='lat' dir='ltr'><strong>patriam</strong></span> <span class='ocrx_word' id='word_1_82' title='bbox 705 2246 789 2288; x_wconf 88' lang='lat' dir='ltr'><strong>suam</strong></span> <span class='ocrx_word' id='word_1_83' title='bbox 802 2227 972 2288; x_wconf 80' lang='lat' dir='ltr'><strong>deserentes</strong></span> <span class='ocrx_word' id='word_1_84' title='bbox 990 2228 1021 2287; x_wconf 89' lang='lat' dir='ltr'><strong>in</strong></span> <span class='ocrx_word' id='word_1_85' title='bbox 1038 2228 1176 2290; x_wconf 84' lang='lat' dir='ltr'><strong>Wnllinm</strong></span> <span class='ocrx_word' id='word_1_86' title='bbox 1190 2250 1286 2292; x_wconf 83' lang='lat' dir='ltr'><strong>reces-</strong></span> 
     </span>
     <span class='ocr_line' id='line_1_15' title="bbox 282 2318 613 2398; baseline 0 -19"><span class='ocrx_word' id='word_1_87' title='bbox 282 2327 394 2379; x_wconf 86' lang='lat' dir='ltr'><strong>serunt.</strong></span> <span class='ocrx_word' id='word_1_88' title='bbox 438 2318 511 2398; x_wconf 82' lang='lat' dir='ltr'><strong>Cap.</strong></span> <span class='ocrx_word' id='word_1_89' title='bbox 526 2320 613 2379; x_wconf 79' lang='lat' dir='ltr'><strong>xlvii.</strong></span> 
     </span>
    </p>
   </div>
   <div class='ocr_carea' id='block_1_8' title="bbox 243 2421 1287 2994">
    <p class='ocr_par' dir='ltr' id='par_1_8' title="bbox 243 2421 1255 2503">
     <span class='ocr_line' id='line_1_16' title="bbox 243 2421 1255 2503; baseline 0.001 -20"><span class='ocrx_word' id='word_1_90' title='bbox 243 2424 290 2483; x_wconf 90' lang='lat' dir='ltr'><strong>De</strong></span> <span class='ocrx_word' id='word_1_91' title='bbox 303 2423 546 2483; x_wconf 73' lang='lat' dir='ltr'><strong>distinctionibus</strong></span> <span class='ocrx_word' id='word_1_92' title='bbox 559 2440 719 2500; x_wconf 79' lang='lat' dir='ltr'><strong>regnorum</strong></span> <span class='ocrx_word' id='word_1_93' title='bbox 732 2431 764 2481; x_wconf 91' lang='lat' dir='ltr'><strong>et</strong></span> <span class='ocrx_word' id='word_1_94' title='bbox 776 2440 882 2499; x_wconf 80' lang='lat' dir='ltr'><strong>regum</strong></span> <span class='ocrx_word' id='word_1_95' title='bbox 895 2421 1024 2501; x_wconf 79' lang='lat' dir='ltr'><strong>Anglim.</strong></span> <span class='ocrx_word' id='word_1_96' title='bbox 1070 2423 1142 2503; x_wconf 83' lang='lat' dir='ltr'><strong>Cap.</strong></span> <span class='ocrx_word' id='word_1_97' title='bbox 1158 2426 1255 2485; x_wconf 85' lang='lat' dir='ltr'><strong>xlviii.</strong></span> 
     </span>
    </p>

    <p class='ocr_par' dir='ltr' id='par_1_9' title="bbox 243 2524 1098 2605">
     <span class='ocr_line' id='line_1_17' title="bbox 243 2524 1098 2605; baseline -0.001 -19"><span class='ocrx_word' id='word_1_98' title='bbox 243 2528 289 2586; x_wconf 91' lang='lat' dir='ltr'><strong>De</strong></span> <span class='ocrx_word' id='word_1_99' title='bbox 303 2526 415 2587; x_wconf 86' lang='lat' dir='ltr'><strong>Sledda</strong></span> <span class='ocrx_word' id='word_1_100' title='bbox 426 2544 498 2604; x_wconf 80' lang='lat' dir='ltr'><strong>rege</strong></span> <span class='ocrx_word' id='word_1_101' title='bbox 512 2525 713 2585; x_wconf 82' lang='lat' dir='ltr'><strong>Orientalium</strong></span> <span class='ocrx_word' id='word_1_102' title='bbox 726 2524 889 2585; x_wconf 71' lang='lat' dir='ltr'><strong>Saxonum.</strong></span> <span class='ocrx_word' id='word_1_103' title='bbox 936 2525 1008 2605; x_wconf 81' lang='lat' dir='ltr'><strong>Cap.</strong></span> <span class='ocrx_word' id='word_1_104' title='bbox 1023 2527 1098 2585; x_wconf 83' lang='lat' dir='ltr'><strong>xlix.</strong></span> 
     </span>
    </p>

    <p class='ocr_par' dir='ltr' id='par_1_10' title="bbox 245 2628 1287 2799">
     <span class='ocr_line' id='line_1_18' title="bbox 245 2628 1287 2709; baseline 0.001 -19"><span class='ocrx_word' id='word_1_105' title='bbox 245 2631 398 2705; x_wconf 79' lang='lat' dir='ltr'><strong>Quomodo</strong></span> <span class='ocrx_word' id='word_1_106' title='bbox 430 2628 619 2690; x_wconf 81' lang='lat' dir='ltr'><strong>Etheliridus</strong></span> <span class='ocrx_word' id='word_1_107' title='bbox 649 2648 706 2689; x_wconf 87' lang='lat' dir='ltr'><strong>rex</strong></span> <span class='ocrx_word' id='word_1_108' title='bbox 738 2628 947 2689; x_wconf 88' lang='lat' dir='ltr'><strong>Bernioiorum</strong></span> <span class='ocrx_word' id='word_1_109' title='bbox 981 2630 1074 2689; x_wconf 85' lang='lat' dir='ltr'><strong>liliam</strong></span> <span class='ocrx_word' id='word_1_110' title='bbox 1104 2630 1178 2689; x_wconf 75' lang='lat' dir='ltr'><strong>Elim</strong></span> <span class='ocrx_word' id='word_1_111' title='bbox 1208 2634 1287 2709; x_wconf 84' lang='lat' dir='ltr'><strong>regis</strong></span> 
     </span>
     <span class='ocr_line' id='line_1_19' title="bbox 280 2719 899 2799; baseline -0.005 -17"><span class='ocrx_word' id='word_1_112' title='bbox 280 2723 441 2782; x_wconf 85' lang='lat' dir='ltr'><strong>Deirornm</strong></span> <span class='ocrx_word' id='word_1_113' title='bbox 454 2720 610 2798; x_wconf 79' lang='lat' dir='ltr'><strong>coniugem</strong></span> <span class='ocrx_word' id='word_1_114' title='bbox 623 2720 748 2797; x_wconf 76' lang='lat' dir='ltr'><strong>aceepit.</strong></span> <span class='ocrx_word' id='word_1_115' title='bbox 793 2719 899 2799; x_wconf 57' lang='lat' dir='ltr'><strong>Comi.</strong></span> 
     </span>
    </p>

    <p class='ocr_par' dir='ltr' id='par_1_11' title="bbox 244 2822 1287 2994">
     <span class='ocr_line' id='line_1_20' title="bbox 244 2822 1287 2902; baseline -0.002 -16"><span class='ocrx_word' id='word_1_116' title='bbox 244 2827 289 2886; x_wconf 92' lang='lat' dir='ltr'><strong>De</strong></span> <span class='ocrx_word' id='word_1_117' title='bbox 307 2825 469 2885; x_wconf 70' lang='lat' dir='ltr'><strong>nativitato</strong></span> <span class='ocrx_word' id='word_1_118' title='bbox 491 2824 572 2902; x_wconf 84' lang='lat' dir='ltr'><strong>regis</strong></span> <span class='ocrx_word' id='word_1_119' title='bbox 595 2823 716 2885; x_wconf 84' lang='lat' dir='ltr'><strong>Saberti</strong></span> <span class='ocrx_word' id='word_1_120' title='bbox 739 2822 909 2884; x_wconf 78' lang='lat' dir='ltr'><strong>fundatoris</strong></span> <span class='ocrx_word' id='word_1_121' title='bbox 927 2824 1060 2887; x_wconf 77' lang='lat' dir='ltr'><strong>eeclesiae</strong></span> <span class='ocrx_word' id='word_1_122' title='bbox 1080 2823 1183 2885; x_wconf 82' lang='lat' dir='ltr'><strong>Sancti</strong></span> <span class='ocrx_word' id='word_1_123' title='bbox 1202 2826 1287 2888; x_wconf 77' lang='lat' dir='ltr'><strong>Petri</strong></span> 
     </span>
     <span class='ocr_line' id='line_1_21' title="bbox 282 2915 1078 2994; baseline -0.004 -17"><span class='ocrx_word' id='word_1_124' title='bbox 282 2918 542 2979; x_wconf 73' lang='lat' dir='ltr'><strong>westmonasterii</strong></span> <span class='ocrx_word' id='word_1_125' title='bbox 554 2935 649 2994; x_wconf 85' lang='lat' dir='ltr'><strong>propo</strong></span> <span class='ocrx_word' id='word_1_126' title='bbox 662 2915 858 2976; x_wconf 85' lang='lat' dir='ltr'><strong>Londoniam.</strong></span> <span class='ocrx_word' id='word_1_127' title='bbox 904 2916 978 2994; x_wconf 83' lang='lat' dir='ltr'><strong>Cap.</strong></span> <span class='ocrx_word' id='word_1_128' title='bbox 992 2917 1024 2974; x_wconf 90' lang='lat' dir='ltr'><strong>li.</strong></span> <span class='ocrx_word' id='word_1_129' title='bbox 1072 2955 1078 2968; x_wconf 82' lang='lat'><strong>·</strong></span> 
     </span>
    </p>
   </div>
   <div class='ocr_carea' id='block_1_9' title="bbox 244 3018 1287 3398">
    <p class='ocr_par' dir='ltr' id='par_1_12' title="bbox 244 3018 1142 3099">
     <span class='ocr_line' id='line_1_22' title="bbox 244 3018 1142 3099; baseline -0.004 -17"><span class='ocrx_word' id='word_1_130' title='bbox 244 3023 289 3082; x_wconf 85' lang='lat' dir='ltr'><strong>De</strong></span> <span class='ocrx_word' id='word_1_131' title='bbox 301 3031 397 3082; x_wconf 81' lang='lat' dir='ltr'><strong>morto</strong></span> <span class='ocrx_word' id='word_1_132' title='bbox 411 3021 487 3082; x_wconf 74' lang='lat' dir='ltr'><strong>otte</strong></span> <span class='ocrx_word' id='word_1_133' title='bbox 499 3020 580 3098; x_wconf 78' lang='lat' dir='ltr'><strong>regis</strong></span> <span class='ocrx_word' id='word_1_134' title='bbox 593 3019 785 3080; x_wconf 78' lang='lat' dir='ltr'><strong>Australium</strong></span> <span class='ocrx_word' id='word_1_135' title='bbox 801 3018 965 3081; x_wconf 87' lang='lat' dir='ltr'><strong>Saxonum.</strong></span> <span class='ocrx_word' id='word_1_136' title='bbox 1012 3020 1085 3099; x_wconf 79' lang='lat' dir='ltr'><strong>Cup.</strong></span> <span class='ocrx_word' id='word_1_137' title='bbox 1099 3021 1142 3078; x_wconf 89' lang='lat' dir='ltr'><strong>lii.</strong></span> 
     </span>
    </p>

    <p class='ocr_par' dir='ltr' id='par_1_13' title="bbox 247 3123 1287 3294">
     <span class='ocr_line' id='line_1_23' title="bbox 247 3123 1287 3200; baseline -0.002 -14"><span class='ocrx_word' id='word_1_138' title='bbox 247 3125 331 3198; x_wconf 84' lang='lat' dir='ltr'><strong>Quod</strong></span> <span class='ocrx_word' id='word_1_139' title='bbox 344 3126 498 3186; x_wconf 84' lang='lat' dir='ltr'><strong>Coolrious</strong></span> <span class='ocrx_word' id='word_1_140' title='bbox 515 3143 571 3184; x_wconf 82' lang='lat' dir='ltr'><strong>rex</strong></span> <span class='ocrx_word' id='word_1_141' title='bbox 592 3125 625 3183; x_wconf 91' lang='lat' dir='ltr'><strong>in</strong></span> <span class='ocrx_word' id='word_1_142' title='bbox 646 3142 773 3200; x_wconf 82' lang='lat' dir='ltr'><strong>regnum</strong></span> <span class='ocrx_word' id='word_1_143' title='bbox 786 3123 1025 3184; x_wconf 85' lang='lat' dir='ltr'><strong>Occidentalium</strong></span> <span class='ocrx_word' id='word_1_144' title='bbox 1048 3125 1199 3183; x_wconf 85' lang='lat' dir='ltr'><strong>Saxonum</strong></span> <span class='ocrx_word' id='word_1_145' title='bbox 1220 3143 1287 3184; x_wconf 86' lang='lat' dir='ltr'><strong>suo·</strong></span> 
     </span>
     <span class='ocr_line' id='line_1_24' title="bbox 285 3213 1286 3294; baseline -0.002 -17"><span class='ocrx_word' id='word_1_146' title='bbox 285 3219 379 3290; x_wconf 77' lang='lat' dir='ltr'><strong>oessit,</strong></span> <span class='ocrx_word' id='word_1_147' title='bbox 390 3225 422 3278; x_wconf 85' lang='lat' dir='ltr'><strong>et</strong></span> <span class='ocrx_word' id='word_1_148' title='bbox 431 3215 508 3275; x_wconf 80' lang='lat' dir='ltr'><strong>Elias</strong></span> <span class='ocrx_word' id='word_1_149' title='bbox 521 3217 586 3293; x_wconf 76' lang='lat' dir='ltr'><strong>regi</strong></span> <span class='ocrx_word' id='word_1_150' title='bbox 599 3215 761 3275; x_wconf 85' lang='lat' dir='ltr'><strong>Deirornm</strong></span> <span class='ocrx_word' id='word_1_151' title='bbox 770 3213 959 3275; x_wconf 81' lang='lat' dir='ltr'><strong>Ethelfridus</strong></span> <span class='ocrx_word' id='word_1_152' title='bbox 969 3215 1118 3276; x_wconf 78' lang='lat' dir='ltr'><strong>successit.</strong></span> <span class='ocrx_word' id='word_1_153' title='bbox 1148 3214 1221 3294; x_wconf 83' lang='lat' dir='ltr'><strong>Cap.</strong></span> <span class='ocrx_word' id='word_1_154' title='bbox 1231 3217 1286 3276; x_wconf 89' lang='lat' dir='ltr'><strong>liii.</strong></span> 
     </span>
    </p>

    <p class='ocr_par' dir='ltr' id='par_1_14' title="bbox 246 3317 807 3398">
     <span class='ocr_line' id='line_1_25' title="bbox 246 3317 807 3398; baseline -0.004 -17"><span class='ocrx_word' id='word_1_155' title='bbox 246 3319 290 3381; x_wconf 87' lang='lat' dir='ltr'><strong>De</strong></span> <span class='ocrx_word' id='word_1_156' title='bbox 302 3321 386 3381; x_wconf 86' lang='lat' dir='ltr'><strong>obitu</strong></span> <span class='ocrx_word' id='word_1_157' title='bbox 402 3320 519 3380; x_wconf 71' lang='lat' dir='ltr'><strong>wibba</strong></span> <span class='ocrx_word' id='word_1_158' title='bbox 531 3320 622 3397; x_wconf 83' lang='lat' dir='ltr'><strong>regis.</strong></span> <span class='ocrx_word' id='word_1_159' title='bbox 668 3318 740 3398; x_wconf 79' lang='lat' dir='ltr'><strong>Cap.</strong></span> <span class='ocrx_word' id='word_1_160' title='bbox 753 3317 807 3379; x_wconf 85' lang='lat' dir='ltr'><strong>liv.</strong></span> 
     </span>
    </p>
   </div>
   <div class='ocr_carea' id='block_1_10' title="bbox 0 0 1783 5800">
    <p class='ocr_par' dir='ltr' id='par_1_15' title="bbox 0 0 1783 5800">
     <span class='ocr_line' id='line_1_26' title="bbox 0 0 1783 5800; baseline 0 0"><span class='ocrx_word' id='word_1_161' title='bbox 0 0 1783 5800; x_wconf 95' lang='lat' dir='ltr'><strong> </strong></span> 
     </span>
    </p>
   </div>
  </div>
 </body>
</html>
