3542 5800
489 878 535 929 on
558 878 673 931 omns
696 878 816 929 arcun
839 878 1023 929 aron-11.
1049 866 1100 929 69.
1260 862 1325 931 327

274 1064 418 1149 pensitat
443 1064 480 1130 in
507 1064 702 1131 hodiernum
726 1062 821 1129 diem.
881 1062 1173 1147 Perendinansque
1202 1059 1325 1125 ibidem

273 1188 360 1231 anno
383 1168 512 1253 integro
534 1166 605 1233 loca
632 1170 746 1233 sancta
777 1166 1016 1252 frequentabat,
1043 1163 1167 1249 vigiliis
1194 1168 1229 1229 et
1255 1184 1325 1229 ora·

273 1269 421 1335 tionibus
453 1292 582 1350 vacans,
614 1268 836 1355 eleemosynas
860 1269 984 1333 multas
1006 1289 1166 1353 erogans;
1201 1266 1258 1331 sed
1291 1272 1326 1331 et

274 1372 416 1438 ecclesiis
460 1372 725 1439 beatissimorum
762 1371 985 1458 apostolorum
1026 1370 1119 1437 Petri
1156 1374 1192 1435 et
1229 1367 1325 1433 Pauli

273 1475 402 1561 ipsique
415 1496 543 1541 summo
569 1476 719 1561 pontifici
741 1496 800 1561 pro
823 1474 914 1560 regia
935 1473 1162 1538 munificentia
1183 1470 1496 1557 plurimamamiffl

274 1576 414 1664 largitus
436 1584 487 1643 est
509 1579 605 1657 dona,
628 1576 834 1662 sobolemque
858 1574 1051 1661 Anglomm,
1077 1596 1152 1659 quse
1175 1572 1218 1637 ab
1249 1560 1447 1691 Off‘iii‘giia

274 1700 349 1765 rege
379 1679 574 1747 Meroiorum
605 1680 758 1767 primitus
788 1680 898 1745 fuerat
922 1678 1080 1743 instituta
1111 1682 1145 1741 et
1174 1676 1432 1761 proximoanool.

275 1804 362 1849 anno
386 1782 656 1870 conflagraverat,
685 1782 814 1869 egregie
836 1780 1026 1868 reparavit5
1063 1779 1204 1864 fecitque
1235 1800 1327 1865 mag·

274 1885 390 1951 nificus
420 1886 674 1953 Westsaxonum
705 1907 764 1951 rex
796 1883 1007 1950 AEthelwlfus
1027 1882 1134 1948 filium
1164 1880 1326 1947 iuniorem

275 1987 449 2053 Alfredum
486 1993 567 2055 tunc
606 2010 626 2053 a
662 2010 749 2076 papa
796 1988 904 2053 Leone
941 1987 977 2051 in
1021 2008 1131 2073 regem
1168 1986 1325 2051 coronari.
1339 2014 1473 2080 Poma„

277 2088 389 2175 Atque
421 2096 496 2179 post
528 2112 672 2157 annuam
707 2090 1005 2177 peregrinationem
1038 2090 1081 2153 ad
1112 2088 1255 2174 patriam
1278 2096 1439 2203 re'lrffl

276 2192 377 2271 diens,
413 2194 512 2259 duxit
533 2192 709 2259 Juditham
741 2194 846 2258 filiam
870 2194 981 2259 Caroli
1005 2190 1101 2257 Calvi
1125 2191 1326 2257 Francorum

276 2296 361 2381 regis
397 2317 507 2361 secum
544 2298 581 2361 in
611 2296 768 2381 Angliam
799 2295 863 2361 sibi
886 2294 1099 2360 matrimonio
1130 2295 1325 2380 copulatam.

277 2397 343 2465 Sed
363 2399 497 2476 interea,
514 2398 594 2464 dum
617 2420 676 2463 rex
698 2420 823 2465 moram
846 2399 968 2463 faceret
990 2400 1027 2463 in
1048 2398 1199 2485 partibus
1221 2402 1328 2463 trans-
1341 2413 1497 2495 conspiracy

277 2501 420 2582 marinis,
436 2506 553 2567 exorta
575 2508 625 2567 est
647 2508 761 2567 contra
783 2523 893 2588 regem
916 2502 1111 2589 praedictum
1134 2506 1328 2587 magnatum
1341 2491 1480 2601 ffissnfi

277 2603 480 2689 quorundam
518 2605 716 2690 conspiratio
749 2605 863 2689 itaque
901 2603 989 2669 lacta
1025 2606 1249 2671 coniuratione
1285 2602 1328 2668 ab

278 2706 475 2771 Ethelbcldo
505 2708 574 2771 filio
612 2706 697 2791 regis
728 2706 948 2793 primogenito
986 2711 1020 2771 et
1059 2705 1329 2771 schireburnensi

276 2808 425 2895 episcopo
455 2810 595 2875 Alstano
630 2830 704 2875 cum
739 2805 930 2895 Eentulpho
968 2807 1222 2873 Sumersetensis
1252 2808 1329 2895 pagi

275 2913 403 2989 comite,
431 2913 519 2998 quod
542 2935 563 2976 a
587 2913 693 2976 Roma
718 2913 903 2998 repatrians
928 2933 1098 2997 nunquam
1131 2913 1331 2996 reciperetur

276 3019 313 3084 in
327 3041 473 3106 regnum.
521 3019 629 3085 Causa
643 3024 754 3084 autem
769 3018 889 3084 bifaria
910 3023 983 3084 erat
997 3041 1006 3097 3
1027 3041 1103 3096 una,
1120 3016 1208 3102 quod
1223 3016 1329 3082 filium

275 3122 437 3187 iuniorem
464 3121 646 3202 Alfredum,
671 3121 765 3206 quasi
789 3121 862 3185 aliis
887 3143 907 3185 a
937 3125 1024 3186 sorte
1053 3119 1149 3205 regni
1179 3119 1327 3194 exclusis,

275 3224 311 3296 in
341 3245 451 3311 regem
483 3225 596 3290 Romae
620 3222 896 3310 [coronaverat]¹;
930 3221 997 3303 alia
1025 3243 1104 3286 vero
1128 3243 1226 3286 causa
1248 3227 1329 3299 erat,

276 3327 365 3413 quod
393 3327 511 3415 spretis
542 3328 694 3393 omnibus
730 3325 864 3412 Angliee
895 3325 1089 3390 mulieribus
1111 3325 1213 3388 filiam
1243 3326 1330 3410 regis

276 3429 478 3496 Francorum
502 3431 720 3518 alienigenam
745 3429 809 3494 sibi
838 3451 898 3515 per
935 3428 1123 3515 coniugium
1154 3427 1328 3513 copulavit.

276 3532 464 3599 Audiemnt
488 3537 648 3619 praeterea
675 3531 899 3598 coniuratores
923 3531 1074 3618 praedicti
1097 3531 1186 3616 quod
1216 3534 1330 3595 contra

277 3657 399 3702 morem
449 3642 484 3702 ct
522 3641 651 3702 statuta
692 3657 807 3722 regum
845 3634 1101 3701 Westsaxonum
1146 3631 1329 3697 Judetham
1342 3640 1441 3707 Judith,

277 3738 477 3804 Francorum
514 3737 600 3826 regis
637 3738 748 3815 filiam,
788 3757 888 3823 quam
923 3759 1028 3822 nuper
1065 3736 1327 3822 desponsaverat,
1341 3709 1507 3830 fflgrlgftffg

276 3841 423 3927 reginam
449 3839 637 3926 appellabat
667 3847 702 3906 et
731 3840 766 3904 in
796 3861 909 3904 mensa
938 3838 981 3903 ad
1011 3839 1099 3901 latus
1129 3858 1226 3900 suum
1252 3859 1326 3901 con·
1341 3844 1498 3910 Baqqoeen

275 3943 383 4008 viveri
399 3944 559 4008 faciebat:
596 3961 675 4028 gens
703 3964 781 4007 vero
810 3941 1064 4006 Westsaxonum
1079 3960 1147 4003 non
1160 3937 1328 4024 permittit
1341 3910 1492 3964 ofWessea

274 4045 422 4133 reginam
444 4046 541 4112 iuxta
574 4067 684 4131 regem
714 4045 833 4125 sedere,
864 4065 924 4109 nec
956 4043 1057 4107 etiam
1094 4041 1240 4126 reginam
1271 4041 1329 4106 sed

276 4149 362 4236 regis
398 4149 572 4235 coniugem
602 4147 780 4213 nominare.
850 4145 933 4211 Haec
970 4149 1082 4210 autem
1119 4142 1257 4207 infamia
1286 4143 1329 4208 ab

276 4251 454 4338 Eedburga
489 4251 573 4316 Offae
607 4251 694 4336 regis
731 4249 808 4329 filia,
847 4249 940 4314 cuius
977 4268 1076 4332 supra
1110 4245 1328 4325 meminimus,

276 4355 421 4420 eiusdem
451 4355 560 4441 gentis
591 4353 845 4418 Westsaxonum
875 4351 991 4438 regina
1019 4353 1138 4414 exorta
1167 4355 1225 4426 est,
1257 4371 1331 4435 quae

276 4459 386 4524 virum
416 4479 512 4523 suum
553 4457 755 4522 Brithricum
794 4475 905 4542 regem
941 4474 1069 4518 veneno
1105 4453 1260 4539 perdidit,
1299 4457 1334 4517 et

277 4561 375 4627 iuxta
400 4581 511 4648 regem
536 4561 650 4626 sedens
678 4581 790 4627 omnes
813 4557 909 4646 regni
930 4555 1057 4622 nobiles
1080 4577 1231 4622 accusare
1253 4556 1335 4621 sole·
