3542 5800
437 844 502 909 132
705 862 769 911 mc.
793 861 840 911 nn
860 862 1107 925 mnm00srac.
1131 864 1217 915 msr.

433 1047 526 1112 tinue
570 1047 736 1115 haberent.
794 1045 1002 1137 Quamquam
1048 1050 1135 1117 enim
1181 1050 1278 1116 multi
1323 1047 1487 1137 principes

433 1172 545 1214 eorum
579 1151 752 1237 antiquam
782 1156 917 1239 patrum
948 1154 1145 1241 dignitatem
1177 1154 1343 1231 haberent,
1376 1151 1486 1239 plures

431 1257 545 1318 tamen
578 1254 750 1320 debiliores
783 1255 920 1321 heredes
949 1256 1174 1336 succedebant,
1200 1256 1259 1340 qui
1290 1276 1363 1321 eam
1395 1253 1486 1341 peni-

431 1358 487 1419 tus
524 1356 759 1421 invadentibus
795 1358 947 1424 hostibus
983 1357 1190 1424 amittebant
1237 1357 1337 1422 Unde
1371 1355 1486 1421 debili-

431 1462 535 1523 tatem
568 1460 683 1546 populi
714 1460 815 1537 doleo,
843 1471 918 1526 cum
952 1482 995 1525 ex
1029 1461 1142 1526 eodem
1177 1481 1295 1547 genere
1327 1458 1427 1523 simus
1449 1461 1484 1523 et

430 1560 477 1625 sie
509 1561 663 1627 Britones
696 1563 914 1643 nominemur,
937 1563 1022 1629 siout
1053 1568 1088 1629 et
1118 1584 1198 1649 gens
1224 1559 1344 1628 nostri¹
1379 1561 1482 1647 regni,

431 1684 505 1749 quae
526 1664 668 1751 patriam
690 1688 789 1753 quam
811 1665 934 1731 videtis
957 1665 1110 1731 omnibus
1132 1664 1251 1731 vicinis
1277 1664 1484 1767 adpetentem

429 1766 572 1834 viriliter
593 1766 735 1833 tuetur.''
1203 1828 1205 1831 .

476 1869 655 1956 Postquam
689 1870 741 1935 his
771 1874 806 1935 et
840 1869 914 1935 eliis
937 1870 1037 1934 finem
1060 1868 1189 1935 dicendi
1217 1868 1303 1945 fecit,
1335 1868 1485 1955 aliquan-

429 1973 537 2037 tulum
556 1973 777 2038 verecundans
800 1971 969 2037 Oadwallo
991 1972 1027 2035 in
1044 1972 1130 2036 hunc
1145 1972 1280 2037 modum
1294 1971 1482 2057 respondit:

429 2080 448 2109 “
460 2074 592 2140 Gratias
613 2075 678 2141 tibi
700 2096 771 2162 ago,
792 2095 853 2139 rex
875 2073 1009 2161 regibus
1031 2071 1158 2139 atavis²
1181 2074 1279 2156 edite,
1301 2072 1381 2159 quia
1403 2095 1485 2138 aux-

427 2176 523 2241 ilium
561 2176 644 2242 mihi
681 2176 848 2265 promittis
885 2182 925 2241 ut
961 2198 1099 2263 regnum
1137 2198 1248 2242 meum
1286 2196 1484 2263 recuperem.

429 2278 504 2343 Hoc
527 2285 640 2344 autem
669 2279 759 2364 quod
788 2278 931 2359 dicebas,
953 2285 1085 2366 gentem
1118 2300 1224 2343 mecm
1249 2300 1317 2344 non
1339 2300 1485 2345 servasse

427 2402 565 2445 ovomm
596 2380 803 2467 dignitatem,
842 2385 1017 2468 postquam
1052 2381 1203 2447 Britones
1237 2382 1280 2447 ud
1316 2381 1375 2447 hus
1411 2403 1485 2468 pro-

429 2483 555 2548 vincias
599 2488 770 2561 venerunt,
820 2505 1028 2569 nequaquam
1074 2483 1305 2549 admirandum
1360 2504 1482 2550 censae.

430 2585 619 2651 Nobiliores
649 2608 792 2673 namque
812 2588 918 2652 totius
941 2586 1034 2673 regni
1066 2586 1238 2674 praedictos
1261 2588 1357 2652 duces
1379 2587 1483 2653 secuti

428 2688 572 2765 fuerunt,
611 2688 821 2775 ignobiliores
865 2698 1100 2755 remanserunt.
1148 2689 1213 2769 Qui
1245 2682 1333 2754 voum
1377 2688 1484 2754 vicem

429 2790 591 2857 nobilium
613 2792 762 2877 optinere
784 2791 969 2878 coepissent,
1000 2790 1194 2857 extulerunt
1215 2812 1250 2855 se
1272 2791 1482 2876 ultraquam

429 2894 575 2982 dignitas
597 2894 783 2981 expetebat,
799 2901 835 2960 et
849 2892 893 2960 ob
909 2892 1113 2960 affluentiam
1134 2892 1327 2960 divitiarum
1349 2892 1483 2981 superbi

428 3002 600 3086 eoeperrmt
631 2997 694 3064 tali
727 3001 762 3062 et
791 3001 898 3063 tantae
929 2995 1140 3062 fornicationi
1174 2995 1352 3084 indulgere,
1377 2995 1483 3083 qualia

262 3133 357 3188 ond„
428 3123 489 3167 nec
520 3101 610 3166 iuter
638 3105 755 3188 gentes
776 3100 894 3165 audite
923 3102 996 3181 est;
1022 3105 1064 3176 et,
1089 3103 1129 3165 ut
1160 3098 1274 3165 Gildas
1307 3095 1484 3166 historicus

264 3199 407 3265 [Himera
428 3209 578 3281 testatur,
617 3224 686 3267 non
727 3202 833 3268 solum
877 3201 938 3266 hoo
983 3201 1105 3267 vitium
1151 3202 1209 3267 sed
1253 3203 1364 3267 omnia
1408 3225 1482 3288 quae

262 3282 285 3331 '³'
302 3274 374 3383 Ψ
427 3307 581 3372 humcnoe
616 3309 745 3370 naturae
783 3302 929 3369 accidere
966 3303 1083 3386 solent,
1122 3307 1157 3370 et
1193 3305 1357 3391 precipue
1395 3305 1483 3392 quod

427 3407 532 3473 totius
560 3406 641 3472 boni
670 3406 793 3471 evertit
813 3410 948 3486 statum,
972 3405 1087 3470 odium
1109 3405 1263 3472 veritatis
1285 3427 1360 3472 oum
1382 3429 1484 3472 usser-

427 3509 554 3576 toribus
577 3509 653 3590 suis,
674 3508 836 3595 susceptio
858 3507 938 3573 mali
961 3529 1019 3594 pro
1042 3507 1138 3589 bono,
1155 3507 1306 3595 exceptio
1327 3507 1483 3576 Sathanae

428 3634 487 3701 pro
531 3611 648 3697 angelo
692 3609 785 3674 lucis.
835 3609 1058 3697 Ungebantur
1102 3633 1194 3697 reges
1238 3633 1306 3677 non
1350 3618 1484 3699 propter

428 3712 619 3795 Dominum,
657 3711 714 3778 aed
753 3711 811 3799 qui
848 3713 967 3778 ceteris
1004 3711 1200 3778 crudeliores
1238 3717 1413 3795 extarent;
1447 3719 1483 3779 et

428 3817 624 3906 paulopost
653 3814 696 3880 ab
726 3813 920 3881 unctoribus
953 3835 1020 3880 non
1053 3815 1206 3901 proveri
1237 3815 1482 3882 examinatione

427 3919 687 3998 trucidabantur,
719 3918 795 3984 aliis
826 3917 938 3982 electis
971 3915 1175 3983 trucioribus
1222 3917 1260 3984 Si
1293 3917 1368 4004 quis
1403 3939 1481 3984 vero

427 4046 539 4091 eorum
577 4021 691 4089 mitior
723 4025 758 4086 et
789 4019 925 4086 veritati
958 4019 1091 4105 propior
1117 4020 1296 4102 videretur,
1327 4021 1363 4084 in
1393 4021 1481 4088 hunc

426 4127 520 4211 quasi
557 4125 782 4191 subversorem
828 4120 1011 4187 Britanniae
1049 4123 1196 4199 omnium
1232 4123 1308 4188 odia
1350 4123 1480 4210 telaque

425 4227 671 4312 torquebantur.
718 4224 870 4310 Denique
893 4223 1004 4289 omnia
1025 4245 1099 4310 quae
1131 4224 1203 4291 Deo
1225 4223 1400 4312 placebant
1432 4227 1481 4312 [et

427 4326 675 4415 displicebant]³
703 4327 824 4412 equali
844 4327 938 4393 lance
960 4325 1048 4392 inter
1070 4349 1125 4393 eos
1147 4328 1338 4414 penderent,
1361 4328 1390 4394 si
1412 4351 1479 4396 non

459 4641 574 4709 ’καινῇ
594 4641 679 4703 vestri,
690 4639 747 4693 MS.
1009 4637 1240 4708 'etdispltoetnnq
1260 4639 1423 4694 emunxit
1436 4645 1459 4692 6.

457 4722 576 4789 ἀπὺ]
605 4721 703 4784 accus,
725 4719 781 4772 Ms
835 4717 924 4770 Horat.

425 4803 509 4857 caru.
523 4815 542 4853 1.
557 4806 579 4865 l,
595 4805 616 4852 1.
