3542 5800
496 851 543 902 nr
565 849 679 902 orsus
700 847 822 903 sanun
843 845 1025 900 ausu-11.
1049 833 1100 898 65.
1247 831 1310 894 303

265 1039 407 1107 solidum
443 1061 556 1121 unum,
589 1046 624 1106 et
661 1045 824 1127 postremo
861 1037 967 1104 multa
1003 1037 1156 1102 universo
1192 1035 1312 1122 populo

266 1143 422 1232 erogavit
477 1143 719 1211 Monasterium
741 1164 872 1231 quoque
894 1140 1068 1228 praefatum
1090 1146 1161 1205 tam
1183 1138 1312 1224 magnis

267 1247 427 1334 stltantis
450 1247 624 1334 ampliavit
645 1246 838 1326 redditibus,
855 1246 944 1332 quod
958 1245 1019 1312 hoo
1043 1250 1187 1332 tempore
1210 1240 1312 1306 inore·

268 1349 368 1415 dibile
389 1350 552 1418 videatur.

662 1757 912 1826 Commuauo.

311 1962 519 2031 annlm'us
551 1964 653 2031 etiam
685 1984 747 2029 rex
779 1963 973 2052 magnificus
1008 1961 1205 2050 Kenulphus
1237 1983 1312 2050 erga
1325 1977 1464 2048 Kenupus

265 2065 491 2134 beatissimum
514 2067 649 2134 Petrum
679 2066 861 2154 prinoipem
896 2067 1116 2154 apostolorum
1139 2065 1310 2154 specialem
1323 2046 1452 2165 Qu*

265 2192 380 2258 gerens
412 2170 633 2250 devotionem,
667 2170 836 2236 eeclesiam
867 2169 1010 2258 regalem
1042 2170 1187 2236 eiusdem
1220 2171 1310 2236 beati
1325 2179 1428 2244 Petere,

266 2274 405 2360 apostoli
426 2275 463 2339 in
484 2275 553 2340 looo
580 2273 637 2360 qui
668 2273 1003 2340 Westmonasterium
1034 2278 1244 2360 nuncupatur
1277 2274 1313 2338 in
1325 2247 1430 2368 {aar

266 2377 460 2444 occidentali
492 2383 586 2464 parte
620 2376 801 2443 Londoniae
831 2378 938 2454 sitam,
971 2398 1071 2463 quam
1103 2376 1190 2442 idem
1221 2399 1313 2464 apos·
1432 2355 1437 2368 ⁸

267 2481 355 2547 tolus
391 2482 428 2546 in
472 2479 524 2546 sui
559 2481 662 2567 ipsius
699 2481 870 2569 proprium
908 2481 943 2546 in
982 2479 1111 2567 Spiritu
1150 2480 1314 2546 dedicavit

267 2583 432 2664 honorem,
455 2583 570 2648 multis
593 2583 767 2670 ampliavit
797 2583 1053 2672 possessionibus
1076 2606 1114 2650 ae
1135 2583 1314 2649 honoribus

267 2690 301 2751 et
322 2685 502 2773 privilegiis
525 2686 649 2750 extulit
672 2686 818 2752 diversis.
888 2687 1084 2774 Kenulphus
1114 2687 1218 2774 igitur
1240 2693 1314 2774 post

266 2788 362 2876 plura
382 2794 477 2877 gesta
498 2789 655 2876 praeolara
684 2790 727 2855 ab
760 2788 874 2856 eodem
908 2789 997 2856 faeta
1029 2811 1115 2854 anno
1145 2789 1239 2875 regni
1263 2789 1313 2854 sui

265 2891 420 2959 vicesimo
443 2897 570 2979 quarto,
605 2914 692 2959 anno
727 2893 910 2960 Dominioae
943 2889 1178 2959 incarnationis
1210 2891 1313 2957 octin-

264 2996 445 3083 gentesimo
477 2994 632 3062 vicesimo
663 2995 769 3083 primo
800 2996 892 3077 obiit,
915 3018 1093 3083 corpusque
1126 2994 1196 3062 eius
1225 2996 1314 3082 apud
1326 2952 1453 3087 iiiiii&

265 3097 518 3165 Wincheoombe
540 3099 576 3163 in
607 3100 805 3165 monasterio
838 3100 927 3186 quod
958 3100 1069 3187 ipses
1090 3098 1312 3163 fundamentis
1325 3087 1393 3137 AJ).
1406 3095 1472 3168 ⁸²¹¹.

264 3205 505 3281 oonstruxerat
527 3202 612 3267 sicut
633 3203 826 3288 preadictum
857 3206 918 3283 est,
940 3202 1066 3289 aceepit
1087 3200 1311 3267 honorabilem
1324 3169 1473 3271 ppporegm

265 3304 469 3390 sepulturam
491 3302 579 3367 tanti
611 3304 770 3393 principis
800 3306 928 3372 meritis
959 3306 1165 3393 condignam.
1234 3304 1313 3371 Suc·

266 3406 362 3472 cessit
384 3406 415 3470 ei
438 3406 474 3471 in
505 3428 644 3493 regnum
677 3407 877 3474 Marciorum
911 3406 1095 3475 Kenelmus
1123 3408 1310 3488 filiuseius,

266 3509 351 3577 sicut
373 3531 432 3575 suo
454 3508 524 3575 loco
547 3509 683 3577 inferius
706 3511 841 3579 dicetur.

288 3933 541 4003 consumme.
587 3934 639 4001 De
657 3934 862 4022 Eordolpho
877 3958 952 4021 repo
969 3935 1286 4004 Nostambrorum.
1323 3894 1442 4015 illium,

1322 4042 1363 4078 au.
1374 4034 1429 4080 798.

308 4138 383 4204 Pru
403 4139 491 4205 idem
512 4143 644 4226 tempus
675 4162 735 4205 rex
766 4140 800 4205 N
802 4141 1069 4205 orthumbrorum
1102 4140 1310 4228 Eardulphus
1322 4100 1440 4213 initii&

262 4241 299 4306 in
321 4242 392 4307 looo
413 4242 471 4327 qui
493 4242 662 4329 Billingho
686 4242 807 4310 dieitur
828 4244 983 4331 proelium
1006 4244 1168 4310 commisit
1198 4228 1429 4360 eontragvffl·

264 4344 374 4411 Wade
396 4346 511 4411 duoem
533 4351 569 4411 et
590 4347 672 4411 alios
694 4348 851 4432 quosdam
874 4348 1110 4433 conspiratores
1130 4369 1225 4429 suos;
1256 4350 1461 4442 sedunam,

264 4446 397 4513 demum
419 4447 533 4513 multia
555 4449 633 4514 hino
665 4448 743 4515 inde
775 4448 957 4515 interfectis
987 4472 1048 4515 rex
1070 4452 1224 4539 regaliter
1247 4444 1370 4519 vio-¹³in
1400 4445 1431 4493 ⁰s

1371 4460 1389 4507 s

265 4552 389 4616 teriam
410 4552 558 4638 optinuit
580 4574 623 4617 ax
644 4551 796 4618 hostibus
818 4553 1021 4640 supradietis.
1324 4509 1463 4588 Nerthum.
