3542 5800
424 824 488 889 326
683 836 749 887 ero.
774 838 820 885 aa
842 834 978 886 eramo.
1001 834 1091 884 erro.
1116 834 1203 883 arar.

253 1030 332 1080 Their
425 1021 650 1108 AEthelwlpho
673 1043 747 1087 oum
774 1021 892 1087 fuisset
924 1024 1137 1107 compertum,
1172 1040 1294 1107 magno
1325 1019 1478 1084 exercitu

253 1098 373 1215 ‘mm
426 1130 624 1213 congregato
647 1147 723 1190 oum
745 1124 815 1191 filio
838 1147 899 1191 suo
926 1124 1127 1189 Etholbaldo
1154 1124 1190 1187 in
1213 1123 1284 1189 loco
1308 1122 1367 1209 qui
1396 1122 1478 1187 Aole

254 1246 411 1313 Rogwend·
426 1228 546 1293 dicitur
569 1232 718 1293 conserto
741 1228 857 1314 proelio
880 1248 1026 1315 paganos
1047 1226 1181 1314 fugavit
1194 1232 1229 1292 et
1243 1226 1424 1312 superavit,
1439 1246 1478 1289 ac

254 1314 395 1431 ffiMffgg·
426 1352 480 1395 eos
516 1330 670 1395 inaudita
708 1329 796 1397 oaede
842 1330 1030 1396 maceravit.
1108 1328 1237 1395 Deinde
1274 1350 1335 1393 rex
1372 1328 1480 1391 West-

255 1459 390 1513 AEthelwlf
428 1452 592 1498 saxonum
630 1432 846 1498 AEthelwlfue
888 1438 922 1499 et
959 1454 1018 1497 rex
1057 1432 1255 1497 Merciorum
1295 1426 1476 1507 Burehdus,

255 1526 416 1644 {ffigoehd
429 1534 486 1620 qui
509 1535 612 1599 filiam
638 1535 724 1621 regis
751 1535 933 1600 AEthelwlfi
954 1535 1088 1601 nomine
1110 1534 1368 1611 Ethelfwitham‚
1394 1532 1480 1597 sicut

256 1659 298 1711 the
309 1661 405 1713 welsh.
427 1637 650 1723 praediximus,
691 1638 815 1723 accepit
853 1660 999 1715 uxorem,
1032 1637 1289 1702 mediterraneos
1326 1634 1481 1700 Britones

426 1739 513 1804 bello
528 1739 681 1805 vicerunt
697 1745 730 1805 et
746 1762 814 1805 suae
830 1739 951 1804 dicioni
966 1738 1199 1826 sunrpserunt.¹

816 2017 1065 2085 Oorrmusrro.

259 2237 409 2305 Generosity
474 2215 552 2285 Rsx
574 2242 653 2285 vero
677 2218 887 2288 AEthelwlfue
910 2220 1016 2285 futuri
1033 2225 1120 2286 certe
1147 2219 1277 2306 generis
1299 2220 1351 2284 sui
1373 2220 1480 2306 splen-

258 2306 398 2423 ‘Jvflffffld‘
428 2324 634 2389 didissimum
649 2329 748 2410 caput
770 2328 804 2388 et
827 2325 867 2389 de
883 2347 949 2410 qua
961 2323 1159 2389 sanctissimi
1174 2324 1301 2388 tructus
1316 2324 1482 2389 orirentur

428 2432 462 2493 et
492 2426 727 2513 pretiosissima
764 2426 861 2491 radix
891 2427 965 2491 fuit.
1034 2426 1101 2492 Hic
1138 2426 1175 2490 in
1204 2448 1305 2512 regno
1349 2430 1481 2491 terreno

428 2550 554 2617 semper
576 2529 803 2595 meditabatur
834 2530 975 2609 coeleste,
999 2534 1039 2594 ut
1069 2529 1242 2595 manifeste
1264 2530 1401 2594 daretur
1430 2528 1483 2593 in-

427 2632 542 2719 telligi,
567 2654 643 2697 eum
666 2654 733 2698 non
755 2632 882 2698 vietum
906 2631 1097 2719 cupiditate,
1122 2632 1180 2699 sed
1202 2632 1340 2698 caritate
1362 2654 1480 2719 provo·

429 2739 549 2815 catum,
573 2734 689 2801 alienae
715 2736 906 2801 necessitati
928 2736 1098 2822 regnando
1120 2736 1295 2815 consulere,
1319 2758 1388 2801 non
1410 2758 1480 2802 suae

429 2837 596 2904 voluntati
635 2838 834 2906 dominando
872 2838 1067 2906 satisfacere.
1136 2840 1219 2906 Erat
1260 2839 1350 2906 enim
1387 2844 1483 2927 poter

430 2941 651 3026 orphanorum
678 2947 713 3008 et
738 2943 839 3008 iudex
869 2942 1058 3024 viduarum,
1084 2944 1290 3010 ecclesiarum
1322 2943 1481 3022 defensor,

424 3050 629 3131 ¹propagator
675 3046 957 3111 monasteriorum
1045 3045 1273 3131 Eleemosynae
1311 3069 1391 3112 sane
1435 3045 1483 3111 sio

429 3169 561 3234 operam
577 3148 687 3226 dabat,
705 3152 744 3213 ut
766 3153 874 3214 totam
897 3154 1020 3214 terram
1042 3173 1136 3216 suam
1154 3172 1213 3238 pro
1238 3149 1374 3217 Christo
1396 3149 1483 3215 deci-

430 3257 543 3331 maret,
566 3256 601 3318 et
624 3258 752 3339 partem
778 3252 940 3320 decimam
963 3275 1023 3340 per
1044 3253 1194 3320 ecclesiae
1218 3253 1483 3340 monasteriaque

429 3353 600 3420 divideret

838 3647 1094 3725 Corrmuirro.

264 3875 421 3944 AEudwlph
481 3857 689 3928 Priameius
712 3866 824 3926 eutem
840 3885 901 3927 rex
916 3862 1158 3949 AEthelwlphus
1172 3868 1249 3950 post
1265 3863 1483 3951 triumphatos

262 3945 421 4066 ssffitffi}
435 3968 545 4034 hostes
575 3987 778 4054 regnumque
811 3967 1027 4052 compositum
1065 3989 1141 4032 cum
1177 3967 1300 4032 honore
1337 3969 1483 4034 maximo

381 4075 386 4088 “
434 4071 606 4156 multoque
643 4073 806 4157 apparatu
844 4069 985 4134 Romam
1026 4069 1198 4157 profectus,
1237 4069 1337 4136 duxit
1373 4093 1483 4138 secum

433 4174 606 4239 Aifredum
634 4173 704 4238 eive
729 4172 914 4237 Aluredum
940 4171 1047 4237 filium
1074 4192 1170 4237 suum
1193 4171 1363 4252 iuniorem,

432 4276 549 4342 ceteris
574 4276 725 4342 omnibus
752 4276 826 4362 plus
850 4275 977 4354 dilexit,
1005 4281 1045 4340 ut
1071 4297 1093 4339 a
1117 4297 1204 4363 papa
1232 4275 1342 4342 Leone
1364 4197 1483 4364 qiiiid

432 4379 579 4444 moribus
601 4379 725 4464 pariter
747 4381 781 4443 et
803 4377 960 4464 religione
982 4378 1217 4444 informaretur
1238 4379 1370 4445 ibidem.
1416 4381 1483 4462 Qui

433 4482 536 4549 etiem
577 4482 700 4568 optulit
737 4486 851 4547 saneto
890 4480 993 4547 Petro
1031 4481 1196 4547 tributum
1234 4483 1322 4568 quod
1359 4483 1484 4571 Anglia

431 4657 514 4664 „an——
621 4657 624 4660 .
688 4655 725 4660 .-.
743 4653 853 4661 ..a-fl...—

566 4724 756 4806 ¹rumrirerorrt]
777 4737 953 4792 submiserunt.
995 4735 1188 4792 MuttWertm.
1222 4735 1285 4804 soa
1299 4737 1391 4790 Wend.
1450 4801 1456 4810 ι
