3542 5800
450 869 515 934 224
714 884 780 933 suc.
805 883 852 932 un
874 884 1008 933 emano.
1032 885 1122 934 senc.
1144 885 1231 934 nisu.

897 1303 978 1370 Osa
1005 1303 1072 1370 LV.

574 1517 624 1582 Dc
647 1525 751 1584 mor-le
773 1517 914 1606 Alfridt'
936 1519 1029 1605 repis
1055 1517 1375 1587 Nmthumtrorum.

254 1823 257 1826 ἦ
281 1750 378 1800 neda
391 1754 429 1799 rs.
494 1734 599 1800 Anno
615 1734 798 1802 Dominicrc
819 1737 1056 1803 incarnationis
1076 1738 1367 1826 septingentesimo
1386 1737 1504 1824 quinto

281 1815 407 1942 R‘ffiff
450 1836 599 1903 Alfridus
620 1861 680 1903 rex
703 1837 1006 1908 Northumbrorum
1025 1840 1200 1906 defunctus
1220 1845 1278 1918 est,
1302 1863 1388 1906 anno
1411 1841 1504 1928 regni

282 1949 387 2014 ringor
450 1941 502 2006 sui
535 1941 690 2007 vicesimo
728 1943 868 2007 necdum
911 1943 1080 2030 completo.
1149 1943 1213 2010 Cui
1254 1945 1429 2009 succedens
1470 1945 1506 2008 in

282 2017 388 2142 mg
451 2044 624 2131 imperium
658 2043 746 2109 filius
777 2065 855 2109 suus
887 2045 1039 2123 osredus,
1064 2067 1145 2133 puer
1178 2047 1308 2111 circiter
1342 2052 1415 2112 octo
1450 2068 1507 2110 an-

282 2150 354 2228 Mt,
365 2153 421 2200 ⁷⁰⁵·
451 2169 577 2223 norum,
611 2149 764 2234 regnavit
795 2149 951 2214 undecim
983 2149 1086 2214 annis.
1143 2148 1212 2214 Iste
1247 2147 1407 2228 Alfridus,
1432 2171 1506 2214 cum

282 2221 407 2356 {imm
452 2250 581 2336 ngridi
603 2249 731 2315 fratris¹
755 2252 807 2316 sui
829 2273 942 2316 necem
965 2252 1125 2338 insignior
1144 2251 1268 2337 ubique
1287 2251 1375 2316 ferna
1397 2252 1508 2337 loque-

284 2323 390 2425 ow
451 2357 551 2433 retur,
578 2353 679 2417 etiam
710 2353 754 2418 ad
787 2353 890 2440 ipsius
926 2353 1050 2418 Allridi
1088 2373 1183 2419 aures
1214 2355 1315 2419 anxia
1344 2353 1507 2441 praecipiti

283 2439 370 2506 ἐἰμ’
384 2445 411 2488 ¹¹
452 2461 649 2542 pervenerat
673 2458 811 2544 epistola
840 2455 973 2544 penna,2
996 2457 1075 2541 quia
1112 2457 1235 2522 nothus
1265 2461 1337 2522 erat
1363 2456 1507 2522 factione

283 2523 364 2624 iiiii
453 2559 652 2644 optimatum
675 2560 827 2644 quamvis
848 2561 958 2624 senior
979 2581 1081 2646 regno
1103 2558 1260 2646 indignus
1286 2559 1508 2638 existimatus,

283 2640 440 2770 &2¹:¹32
452 2661 488 2724 in
513 2661 710 2726 Hiberniam
733 2683 790 2727 seu
813 2663 849 2727 vi
871 2685 929 2726 sen
955 2662 1183 2750 indignatione
1207 2661 1407 2727 secesserot³
1454 2661 1508 2726 lbi

284 2797 372 2847 Alfriu
452 2769 486 2828 et
511 2765 586 2829 odio
608 2765 756 2850 germani
778 2770 874 2830 tutus
898 2769 933 2830 et
959 2786 1078 2852 magno
1106 2766 1175 2830 otio
1202 2765 1323 2830 litteris
1349 2765 1507 2842 imbutus,

284 2865 400 2915 ⁰⁸¹¹⁰¹¹¹⁰
453 2867 543 2932 omni
568 2866 773 2954 philosophia
799 2873 1025 2955 composuerat
1055 2868 1212 2934 animum.
1262 2867 1422 2949 Quocirca
1448 2868 1510 2932 im·

283 2932 429 3049 fflgffig
452 2971 536 3059 perii
560 2972 697 3036 habenis
720 2970 915 3037 habiliorem
936 2972 1146 3051 aestimantes,
1175 2972 1231 3057 qui
1258 2972 1425 3057 quondam
1452 2992 1510 3035 ex-

284 3065 431 3118 inlrehud.
452 3075 606 3161 pulerant
637 3074 728 3140 ultro
757 3076 1016 3160 expetiverunt;
1054 3075 1232 3140 necessitas
1271 3073 1433 3163 medelam
1464 3074 1505 3138 ad

452 3200 562 3265 preces
592 3177 722 3243 refudit.
780 3176 850 3244 Nec
880 3198 935 3243 eos
965 3175 1021 3242 ille
1052 3200 1112 3243 sua
1142 3198 1198 3264 spe
1229 3177 1408 3243 frustratus
1439 3183 1508 3242 est:

337 3286 340 3290 ’
452 3306 529 3349 nam
560 3304 619 3370 per
648 3283 759 3347 decem
790 3288 825 3347 et
854 3304 914 3368 per
939 3302 1059 3347 novem
1085 3302 1190 3347 annos
1214 3302 1345 3370 summa
1370 3300 1449 3367 pace
1475 3285 1510 3345 et

453 3384 574 3472 gaudio
614 3385 792 3471 provincire
834 3384 979 3472 praefuit,
1009 3384 1094 3449 nihil
1134 3404 1280 3469 unquam
1320 3388 1442 3470 praeter
1473 3384 1510 3449 in

453 3488 678 3573 persecutione
708 3488 820 3573 magni
858 3485 1015 3565 Wilfridi,
1054 3486 1143 3573 quod
1173 3486 1259 3551 livor
1289 3486 1374 3552 edax
1410 3486 1510 3573 digne

454 3609 584 3673 carpere
609 3593 727 3674 posset,
752 3588 940 3655 admittens.
987 3588 1065 3653 Non
1087 3592 1200 3653 tamen
1226 3589 1331 3654 isdem
1358 3588 1510 3653 terminis

454 3690 574 3777 quibus
603 3694 699 3777 pater
733 3696 768 3756 et
801 3690 906 3756 frater
940 3712 1079 3778 regnum
1111 3692 1229 3772 tenuit,
1256 3713 1315 3778 pro
1351 3712 1390 3757 eo
1422 3690 1511 3776 quod

454 3794 540 3859 Picti
562 3792 686 3858 recenti
710 3793 851 3859 victoria
865 3794 1045 3859 insolenter
1075 3792 1179 3872 abusi,
1197 3794 1388 3880 Anglosque
1411 3794 1510 3881 longa

454 3918 532 3983 pace
569 3896 754 3984 ignaviores
791 3894 948 3985 aggressi,
993 3896 1076 3961 fines
1113 3918 1226 3961 eorum
1263 3896 1306 3961 ah
1344 3897 1510 3982 Aquilone

455 4000 718 4066 decurtaverant.

544 4214 1172 4223 ..-—-.-.-—-—.-—-—---.-——-
1189 4212 1451 4221 ψ..
1495 4216 1502 4221 ..

488 4364 495 4392 ¹
506 4361 616 4426 storria]
635 4362 727 4411 second
737 4361 813 4411 hand.
1043 4360 1212 4427 ἐκρεεεναε]
1231 4368 1373 4421 secesserat,
1385 4358 1441 4410 MS.

487 4443 496 4471 ¹
512 4440 628 4493 Juvenal.
644 4438 696 4488 Sat
708 4439 743 4488 ir.
759 4444 813 4489 149.
