3542 5800
434 905 482 954 mr
504 903 621 954 ursus
643 903 765 955 uuuuu
780 903 962 954 susa-11.
980 889 1031 965 48,
1049 889 1100 954 49.
1231 885 1295 952 193

243 1088 340 1154 venit
377 1087 566 1153 Theodorus
604 1087 865 1177 archiepiscopus
912 1087 1164 1166 Ountuarieusia
1205 1085 1295 1152 Oswi
1306 1101 1367 1154 reb.
1382 1107 1422 1166 15,

243 1214 303 1256 rex
331 1189 635 1256 Northumbrorum
671 1213 801 1278 pressus
838 1196 889 1256 est
926 1189 1127 1268 infirmitate,
1162 1211 1228 1276 qua
1261 1195 1295 1254 et
1309 1175 1413 1286 {iffi

243 1299 394 1358 mortuus
424 1298 476 1358 est
505 1315 592 1357 enno
622 1293 734 1358 aetatis
762 1315 831 1359 suco
867 1292 1139 1380 quinquagesimo
1171 1297 1294 1356 octavo.
1308 1301 1398 1365 logum

247 1394 313 1474 Qui
342 1394 379 1460 in
408 1399 541 1460 tantum
572 1401 611 1460 eo
632 1398 779 1481 tempore
805 1395 981 1460 tenebatur
1004 1416 1113 1460 amore
1137 1371 1425 1486 Romsnaeffl'*

244 1503 279 1562 et
307 1496 494 1583 apostolicos
523 1495 751 1573 institutionis,
782 1501 822 1562 ut
857 1497 887 1562 si
925 1497 967 1561 ab
1004 1495 1198 1562 infirmitate
1236 1495 1297 1560 sal·

247 1603 391 1678 varetur,
414 1597 516 1663 etiam
539 1597 679 1664 Romam
701 1597 822 1674 venire,
855 1597 966 1682 ibique
997 1598 1041 1663 ad
1077 1598 1148 1664 loca
1185 1602 1298 1662 sanctu

244 1699 351 1766 vitam
402 1699 499 1764 finire
555 1699 764 1786 disponeret;
821 1698 1014 1764 Wiliridum
1066 1699 1182 1764 ducem
1234 1697 1298 1763 sibi

247 1802 376 1867 itineris
397 1801 477 1877 fieri,
510 1801 668 1888 promissa
704 1823 771 1867 non
807 1822 911 1887 parva
948 1799 1159 1886 pecuniarum
1197 1801 1298 1866 dona·

245 1904 344 1982 tione,
366 1906 503 1989 rogaret
550 1902 616 1982 Qui
638 1902 809 1968 defimctus
825 1902 877 1966 die
901 1901 1025 1967 decima
1046 1901 1164 1987 quinta
1185 1900 1298 1965 kalen-

246 2005 362 2070 darum
386 2003 591 2083 Martiarum,
617 2003 791 2090 Egiridum
805 2003 913 2068 filium
928 2025 1024 2068 suum
1038 2004 1131 2088 regni
1146 2002 1297 2067 heredem

251 2107 394 2192 reliquit,
441 2106 651 2192 sepultusque
692 2111 743 2171 est
780 2106 817 2170 in
853 2105 1052 2170 monasterio
1090 2103 1296 2170 Ethelfleldae
1309 2119 1466 2172 nenium.

247 2209 326 2275 filiae
350 2231 427 2286 suae,
452 2208 540 2294 quod
567 2207 775 2273 Strensshale
796 2211 1013 2293 nuncupatur.
1309 2203 1380 2268 ΝΥ,
1393 2207 1441 2282 §⁷³

292 2311 366 2392 Quo
390 2309 491 2375 etiam
516 2331 604 2374 anno
628 2331 689 2374 rex
714 2309 969 2375 cantuariorum
999 2307 1162 2394 Egbertus
1186 2329 1296 2374 mense
1311 2268 1432 2401 {poema

246 2411 340 2477 Julio
371 2411 506 2488 obierat,
538 2412 730 2478 succedente
764 2410 800 2475 in
831 2432 970 2498 reguum
991 2410 1093 2475 fratre
1116 2409 1277 2478 Hlotbero
1290 2437 1296 2450 ·
1310 2407 1456 2466 sapaces.

246 2513 336 2600 quod
358 2513 426 2599 ipse
448 2533 551 2578 annos
573 2514 724 2580 undecim
746 2518 781 2578 et
802 2533 928 2578 menses
950 2515 1075 2600 septem
1097 2513 1214 2579 tenuit
1289 2462 1433 2598 ’ffliff

1309 2600 1372 2666 king
1382 2601 1413 2651 oi

1308 2666 1396 2728 Keute
1414 2667 1455 2719 his

1308 2733 1411 2784 bruther

1308 2799 1417 2852 Hlother

1309 2868 1433 2919 succeeds.

660 3031 739 3098 OAP.
763 3032 887 3097 XLIX.

254 3181 297 3249 Ut
325 3205 384 3249 reu
410 3184 647 3255 Orientalium
674 3188 854 3256 smoniae
890 3186 994 3255 Scbbo
1026 3186 1070 3253 irc
1102 3182 1302 3253 morcocbico
1313 3206 1467 3261 nmium.

504 3288 753 3357 commeatione
774 3291 884 3357 citum
897 3287 1046 3377 finierit.

303 3458 356 3524 Eo
386 3464 532 3546 tempore
567 3468 707 3548 praeerat
741 3485 841 3549 regno
875 3462 1094 3529 Orientalium
1131 3460 1300 3529 Saxonum
1314 3472 1404 3538 Senta

250 3560 304 3625 vir
325 3562 468 3628 multum
493 3562 565 3629 Deo
592 3565 738 3641 devotus,
772 3565 904 3630 nomine
927 3565 1044 3642 Subba,
1070 3566 1162 3631 ouius
1188 3542 1417 3660 memi-fflx‘ff

253 3664 362 3729 nimus
392 3686 500 3751 supra.
547 3665 631 3731 Erat
668 3666 755 3730 euim
801 3666 959 3753 religiosis
1005 3669 1140 3745 actibus,
1181 3668 1301 3733 crebris

251 3766 408 3851 precibus,
462 3768 525 3853 piis
581 3768 859 3853 eleemosynarum
916 3768 1076 3834 fructibus
1130 3768 1300 3850 intentus3

251 3868 356 3931 vitam
384 3868 550 3954 privatam
580 3874 615 3934 et
640 3869 862 3934 monachicam
893 3871 1018 3936 ermetis
1049 3872 1141 3955 regni
1174 3870 1300 3935 divitiis

251 3974 285 4032 et
321 3968 498 4035 honoribus
531 3969 714 4056 prmfcrens,
747 3992 846 4056 quam
884 3977 919 4036 et
956 3971 1034 4035 olim
1068 3972 1143 4045 iam,
1167 3971 1196 4035 si
1233 3992 1299 4033 non

252 4069 435 4135 obstinatus
468 4071 615 4158 coniugis
646 4074 775 4137 animm
808 4072 987 4138 divortium
1020 4078 1162 4158 negaret,
1187 4070 1300 4137 relicto

251 4192 351 4257 reguo
377 4172 524 4240 subisset.
581 4172 680 4239 Unde
710 4174 824 4239 multis
854 4174 962 4239 visum
993 4178 1026 4237 et
1060 4194 1145 4258 saepe
1177 4172 1300 4237 dictum

252 4278 309 4349 est,
348 4274 427 4360 quia
455 4276 533 4340 talis
566 4276 669 4339 animi
699 4276 809 4340 virum
839 4276 1025 4362 episcopum
1063 4274 1167 4359 maffl‘s
1202 4296 1300 4360 quam

251 4394 361 4459 regem
399 4376 544 4441 ordinari
582 4378 716 4444 deceret
774 4377 922 4464 Cumque
961 4398 1063 4443 annos
1096 4376 1234 4463 triginta
1264 4378 1300 4441 in

251 4496 351 4562 reguo
393 4478 488 4543 miles
528 4480 620 4565 regui
655 4480 796 4545 coelestis
837 4480 1006 4565 exegisset,
1041 4484 1206 4565 correptus
1251 4485 1302 4545 est

251 4578 392 4663 corporis
420 4578 615 4646 infirmitate
647 4582 856 4666 permaximo,
896 4604 962 4667 qua
988 4586 1022 4647 et
1051 4587 1200 4646 mortuus
1230 4586 1299 4646 est:

251 4679 486 4765 admonuitque
507 4682 684 4769 coniugem,
709 4687 748 4747 ut
771 4683 824 4749 vel
848 4688 928 4748 tunc
953 4682 1076 4748 Divino
1109 4705 1144 4748 se
1166 4683 1301 4750 servitio
1313 4684 1363 4765 His
1374 4686 1432 4739 wire

251 4782 485 4867 manciparent,
517 4805 593 4849 cum
621 4784 762 4871 amplius
787 4785 912 4870 pariter
941 4786 1101 4849 mundum
1139 4784 1299 4871 amplecti,
1313 4753 1460 4871 ffiffl

1185 4903 1209 4951 N
