3542 5800
460 839 503 907 86
714 854 778 907 nuc.
810 854 857 908 nn
888 854 1020 909 meuse
1051 855 1138 911 senc.
1170 855 1254 909 sisu

167 1078 172 1090 ·
290 1056 387 1107 Bessi
460 1040 608 1109 doctores
637 1040 797 1126 proximae
825 1039 1011 1128 provinoiae,
1035 1039 1072 1109 in
1101 1040 1171 1107 loco
1202 1040 1260 1129 qui
1284 1061 1387 1129 usque
1410 1042 1510 1111 hodic

292 1123 402 1191 ΜΨ·
459 1142 573 1231 lingua
601 1141 786 1230 lngiorem
815 1140 1036 1229 Aayuottrws
1073 1162 1122 1220 co,
1153 1143 1189 1211 id
1219 1148 1276 1223 est,
1307 1145 1409 1215 robur
1437 1145 1509 1215 sive

459 1265 597 1330 quercus
633 1244 814 1333 Augustini
851 1244 1043 1332 appelletur,
1069 1244 1106 1311 in
1138 1246 1279 1317 confinio
1317 1245 1508 1319 Occidente·

458 1346 540 1415 lium
570 1346 740 1417 Senonum
766 1354 802 1416 et
823 1346 1041 1426 Wioeiorumr
1077 1348 1242 1436 coepitque
1271 1348 1330 1419 eis¹
1361 1350 1508 1419 fraterne

458 1450 680 1517 admonitione
710 1450 856 1531 suadere,
887 1455 927 1517 ut
956 1470 1034 1537 pace
1060 1450 1218 1519 catholica
1246 1472 1356 1521 secum
1381 1452 1507 1533 habita,

457 1574 662 1619 communem
677 1552 923 1640 evangelizandi
946 1552 1100 1639 gentibus
1122 1575 1181 1639 pro
1199 1554 1341 1621 Domino
1362 1554 1508 1623 laborem

290 1664 414 1717 Thens-
456 1654 663 1742 susciperent
709 1654 788 1723 Non
818 1655 906 1723 enim
931 1655 1060 1741 paschae
1090 1656 1175 1721 diem
1207 1655 1417 1725 Dominicum
1446 1680 1507 1727 suo

287 1738 445 1851 ms*
457 1761 611 1845 tempore,
645 1759 704 1827 sed
738 1780 761 1823 a
790 1761 909 1844 quarte
945 1758 1070 1825 decima
1106 1778 1209 1843 usque
1246 1759 1289 1825 ad
1318 1759 1506 1827 vicesimam

455 1861 568 1927 lunam
594 1861 836 1931 observabantz
868 1881 944 1945 qum
967 1860 1167 1947 compotatio
1192 1860 1359 1948 octoginta
1388 1860 1507 1929 trium²

455 1986 619 2031 annorum
648 1964 769 2031 circulo
799 1961 994 2031 continetur.
1051 1960 1174 2029 Sedet
1207 1962 1271 2029 alia
1304 1964 1506 2051 perplurima

325 2112 329 2120 ·
455 2066 578 2135 uniteti
615 2064 838 2133 aeclesiasticae
879 2062 1044 2131 contrarie
1066 2062 1253 2131 *faciebant
1323 2066 1390 2149 Qui
1430 2088 1506 2135 oum

454 2168 553 2253 longa
578 2168 802 2256 disputatione
825 2166 948 2243 habito,
975 2186 1082 2252 neque
1105 2167 1264 2252 precibus,
1294 2188 1401 2254 neque
1430 2170 1505 2237 hor·

355 2335 357 2339 .
454 2268 619 2348 tementis,
643 2290 752 2357 neque
777 2267 1055 2357 increpationibus
1078 2270 1259 2357 Augustini
1285 2292 1323 2341 ac
1344 2271 1505 2339 sociorum

455 2373 525 2439 eius
542 2394 708 2439 assensum
732 2372 878 2460 prebere
896 2372 1084 2449 voluissent,
1100 2372 1158 2439 sed
1177 2394 1252 2437 sues
1272 2373 1381 2459 potius
1402 2374 1505 2441 tradi·

454 2476 561 2541 tiones
580 2475 743 2541 universis
766 2496 840 2562 quse
863 2496 922 2561 per
942 2475 1055 2541 orbem
1078 2475 1141 2541 sibi
1169 2474 1204 2539 in
1221 2474 1353 2541 Christo
1375 2498 1505 2543 concor-

454 2578 537 2643 dent
554 2578 692 2643 eoclcsiis
714 2578 915 2664 praeferrent,
934 2581 1064 2643 sanctus
1081 2582 1175 2663 peter
1190 2577 1396 2664 Augustinus
1416 2578 1504 2646 hunc

452 2680 607 2745 laboriosi
628 2685 729 2766 atque
750 2680 841 2767 longi
864 2678 1050 2744 certaminis
1074 2679 1174 2744 finem
1189 2680 1275 2756 fecit,
1301 2686 1342 2745 ut
1361 2681 1504 2747 diceret:

286 2788 429 2855 sumone
457 2789 474 2819 “
498 2783 710 2849 Obsecremus
740 2782 858 2858 Deum,
890 2782 948 2867 qni
977 2779 1126 2847 habitare
1155 2781 1236 2847 iacit
1267 2783 1437 2848 unanimes
1467 2785 1503 2849 in

286 2858 436 2976 ffodpfflffi
454 2884 553 2952 domo
582 2884 691 2951 Petris
729 2885 789 2965 eui,
819 2889 859 2950 ut
889 2882 958 2970 ipse
991 2880 1086 2948 nobie
1121 2883 1286 2950 insinuare
1315 2883 1503 2952 coelestibue

268 2991 394 3070 ciserno
455 2988 557 3078 signis
597 2988 761 3076 dignetur,
804 3007 879 3073 quee
917 2985 1082 3072 sequenda
1120 2985 1264 3064 traditio,
1302 2985 1422 3073 quibus
1458 2989 1504 3054 sit

267 3065 422 3190 diffidis
454 3091 519 3157 viis
552 3092 595 3157 ad
632 3091 814 3178 ingressum
842 3087 937 3175 regni
959 3085 1049 3152 illius
1078 3087 1325 3174 properandum.
1352 3086 1354 3089 ’
1387 3087 1503 3154 Addu-

285 3191 441 3257 bynu-sela
454 3197 547 3258 eatur
575 3191 695 3278 aliquis
724 3213 818 3278 aeger,
844 3195 879 3255 et
909 3210 967 3275 per
989 3189 1080 3254 cuiue
1102 3209 1212 3276 preces
1237 3187 1338 3255 fuerit
1360 3196 1501 3271 curatus,

452 3294 550 3364 huius
570 3293 661 3359 fides
699 3300 733 3358 ct
770 3293 916 3382 operatio
948 3291 1019 3358 Deo
1056 3292 1176 3357 devota
1212 3295 1313 3380 etque
1350 3293 1502 3359 omnibus

452 3395 617 3480 sequenda
645 3393 824 3464 cenem?
868 3393 966 3480 Quod
991 3415 1065 3458 cum
1091 3392 1270 3460 adversarii
1296 3393 1397 3463 inviti
1426 3393 1503 3460 licet

452 3495 672 3574 concederent,
704 3495 824 3560 allatus
854 3499 905 3561 est
934 3495 1067 3584 quidam
1096 3495 1137 3560 de
1160 3515 1279 3588 genere
1308 3497 1500 3584 Anglorum,

452 3597 619 3664 oculorum
648 3597 719 3662 luce
749 3596 921 3686 privatus:
961 3597 1017 3684 qui
1055 3617 1128 3666 cum
1165 3595 1296 3664 oblatus
1326 3597 1501 3664 Britcnum

452 3699 682 3778 sacerdotibus,
706 3698 754 3766 nil
777 3699 953 3769 curationis
975 3699 1030 3766 vel
1053 3699 1231 3768 mustionis
1253 3698 1371 3770 horum
1391 3701 1502 3766 minis-

451 3803 537 3869 terio
558 3801 758 3891 perciperet3
796 3802 931 3868 tandem
961 3801 1168 3890 Augustinus
1197 3799 1286 3870 iusta
1309 3802 1501 3874 necessitato

452 3905 635 3994 compulsus
663 3904 769 3971 flectit
797 3926 905 3995 genus
934 3926 994 3969 sua
1017 3903 1061 3968 ad
1085 3902 1218 3968 Patrem
1238 3902 1374 3970 Domini
1396 3907 1501 3971 nostri

451 4008 533 4076 Jesu
564 4007 696 4086 Christi,
728 4007 904 4096 deprecans
927 4011 967 4071 ut
992 4005 1101 4070 visum
1126 4027 1209 4072 caeco
1229 4028 1327 4092 quem
1347 4009 1501 4074 amiserat

451 4111 648 4189 restitueret,
672 4113 707 4176 et
728 4131 787 4198 per
809 4107 1084 4174 illuminationem
1107 4107 1206 4174 unius
1227 4107 1370 4176 hominis
1392 4131 1501 4198 corpo

451 4211 553 4276 relem
576 4210 613 4276 in
634 4211 850 4299 plurimorum
872 4209 971 4276 corda
992 4209 1140 4277 fidelium
1160 4209 1340 4297 spiritualis
1359 4212 1500 4298 gratiam

283 4311 533 4376 Herertorecluois
555 4313 752 4377 accenderet
798 4311 869 4376 Nec
891 4334 1001 4378 mora:
1026 4311 1233 4376 illuminetur
1250 4333 1364 4390 caecum
1387 4335 1426 4378 ac
1445 4335 1500 4378 ve

283 4381 432 4501 ddiiffi
452 4435 509 4479 rue
530 4435 667 4479 summae
688 4413 769 4479 lucis
791 4435 899 4499 prseco
920 4415 963 4479 ab
986 4413 1139 4480 omnibus
1158 4413 1355 4500 pmcdioatur
1370 4415 1502 4502 Augure-

551 4755 619 4822 ¹⁶5⁸l
632 4769 682 4818 0⁰⁵2
694 4755 749 4810 MS.
962 4757 968 4834 Ι
1033 4761 1139 4828 ²cium]
1152 4767 1276 4826 quattuor,
1286 4761 1347 4813 Bed.
