3542 5800
472 858 516 923 80
733 871 797 922 ruo.
829 873 875 923 ns
906 873 1038 923 crsuuc.
1069 873 1155 923 susc.
1187 875 1271 925 1r1sr.

472 1057 593 1122 etenim
620 1058 785 1144 discipulis
810 1080 880 1124 esse
906 1058 1066 1145 gaudium
1089 1080 1156 1123 non
1182 1059 1288 1137 debet,
1314 1058 1378 1123 nisi
1403 1058 1443 1122 de
1470 1054 1524 1123 eo¹

472 1160 558 1224 bono
583 1161 671 1246 quod
697 1182 868 1228 commune
894 1184 967 1227 cum
996 1162 1148 1228 omnibus
1179 1162 1310 1239 hubent,
1339 1165 1373 1226 et
1399 1162 1436 1225 in
1462 1182 1526 1246 quo

472 1263 572 1327 finem
594 1263 721 1329 laetitiae
746 1286 814 1329 non
839 1264 970 1331 habent.
1017 1264 1136 1331 Restat
1162 1265 1283 1350 itaque,
1308 1264 1411 1328 freter
1432 1265 1528 1329 esu's-
1747 1284 1748 1347 p

474 1366 562 1442 sime,
584 1372 623 1431 ut
649 1366 737 1432 inter
759 1388 798 1431 ee
819 1389 894 1453 quse
921 1372 1077 1455 operante
1099 1368 1242 1432 Domino
1269 1368 1415 1431 exterius
1438 1366 1526 1443 fecis,
1747 1348 1748 1423 l

474 1490 599 1555 semper
636 1474 670 1534 te
710 1470 849 1535 interius
896 1470 1063 1537 subtiliter
1110 1470 1243 1547 iudices
1285 1490 1324 1534 ao
1361 1468 1529 1535 subtiliter

474 1572 648 1659 intelligas,
683 1578 718 1639 et
755 1573 967 1660 temetipsum
999 1574 1074 1660 quis
1105 1572 1157 1651 sis,
1194 1578 1228 1638 et
1259 1577 1384 1659 quanta
1415 1574 1461 1637 sit
1491 1574 1527 1637 in
1747 1566 1748 1595 l

473 1676 587 1740 eodem
607 1682 706 1762 gente
729 1676 846 1763 grstia,
869 1698 929 1763 pro
952 1676 1043 1741 cuius
1066 1676 1274 1741 conversione
1304 1674 1525 1741 faciendorum

473 1780 641 1865 signorum
672 1778 760 1845 dono
781 1780 964 1866 percepisti.
1020 1778 1066 1845 Et
1096 1778 1280 1865 siquando
1310 1784 1344 1843 te
1376 1776 1526 1843 Creatori

472 1887 586 1947 nostro
617 1904 675 1947 seu
706 1903 766 1968 per
798 1881 949 1968 linguam
983 1881 1054 1947 sive
1094 1902 1153 1968 per
1184 1902 1283 1968 opere
1313 1881 1528 1947 reminisceris

473 1984 654 2071 deliquisse,
689 2007 817 2071 semper
838 1985 908 2051 haec
935 1986 977 2051 sd
1009 1984 1200 2049 memoriam
1234 2006 1371 2061 revoces,
1395 1990 1436 2051 ut
1458 2006 1529 2051 sur-

472 2094 604 2174 gentem
642 2088 747 2154 oordis
783 2088 922 2175 glorium
958 2088 1116 2153 memorie
1151 2093 1262 2153 rectus
1299 2092 1435 2173 premat.
1482 2089 1527 2152 Et

472 2191 628 2276 quicquid
665 2192 706 2255 de
742 2190 900 2256 iaciendis
938 2192 1038 2277 signis
1076 2190 1235 2277 acceperis
1272 2191 1326 2255 vel
1364 2192 1525 2277 accepisti,

473 2293 542 2357 hreo
572 2315 639 2356 non
670 2293 732 2357 tibi
766 2293 823 2357 sed
855 2292 921 2357 illis
955 2294 1094 2381 deputes
1126 2295 1256 2373 donato,
1291 2315 1350 2379 pro
1385 2314 1525 2379 quorum

472 2395 536 2461 tibi
557 2395 664 2459 salute
686 2395 804 2459 colluto
826 2394 931 2461 sunt.''

918 2969 995 3034 Gne.
1021 2969 1080 3034 XI.

376 3177 395 3227 i.
425 3183 447 3228 2·
473 3175 572 3259 Quod
603 3175 717 3242 beatus
755 3173 938 3259 Gregorius
969 3171 1068 3238 ‘ro-isit
1100 3169 1278 3257 epistolum
1308 3169 1382 3254 rogi
1413 3169 1530 3235 Ethel-

517 3279 604 3344 berto
626 3278 735 3344 simul
758 3284 788 3344 et
808 3276 900 3341 (burc
925 3276 968 3341 c'n
989 3274 1134 3340 (liversis
1156 3271 1325 3360 speciebus
1344 3271 1523 3357 perplura.

517 3491 621 3556 Mlslr
646 3491 734 3556 idem
767 3512 853 3577 popu
881 3489 998 3555 beatus
1030 3487 1206 3574 Gregorius
1235 3487 1348 3551 eodem
1378 3489 1524 3573 tempore

471 3595 572 3659 etism
608 3593 678 3679 regi
717 3592 909 3658 Ethelberto
947 3590 1119 3678 epistolum
1157 3589 1255 3654 simul
1293 3595 1327 3653 et
1362 3588 1448 3653 donn
1488 3591 1524 3654 in

470 3696 609 3762 diversis
646 3695 870 3782 [speciebus]²
894 3693 1068 3781 perplurs;
1116 3691 1350 3778 temporalibus
1392 3713 1523 3777 quoque

471 3800 648 3866 honoribus
671 3820 780 3886 regem
798 3798 980 3884 glorificare
999 3802 1158 3883 sete-gens,
1175 3795 1227 3860 cui
1254 3793 1367 3881 gloriec
1384 3794 1524 3859 coelestis

470 3926 530 3970 suo
559 3903 670 3970 labore
697 3908 732 3966 et
761 3902 925 3966 industris
953 3898 1108 3964 notitiam
1138 3899 1325 3984 provenisse
1351 3897 1523 3984 gaudebat.

472 4007 649 4092 Exemplar
671 4011 781 4072 sutem
805 4004 951 4090 praefatae
974 4001 1118 4088 epistolar
1140 4001 1267 4066 boc:—

303 4126 426 4177 Iaeueror
517 4109 694 4174 “Domino
725 4105 957 4195 gloriosissimo
989 4110 1088 4189 utque
1125 4100 1423 4190 praecellentissimo
1455 4101 1523 4166 filio

303 4194 459 4323 ssffffie‘f
471 4211 664 4275 Ethelberto
685 4213 755 4298 regi
777 4210 961 4295 Anglorum
985 4205 1160 4292 Gregorius
1183 4205 1356 4296 episcopus.

303 4327 365 4376 bert.
518 4313 690 4398 “Propter
718 4312 780 4377 hoc
815 4311 1031 4397 Omnipotens
1054 4309 1148 4373 Deus·
1174 4308 1276 4372 bonos
1309 4327 1456 4391 quosque
1480 4307 1524 4370 ad

300 4392 452 4523 ξῗῗξ)ΕΡ·
472 4416 666 4503 populorum
703 4414 863 4500 regimina
900 4411 1059 4500 perducit,
1099 4416 1138 4476 ut
1175 4432 1233 4496 per
1270 4431 1324 4474 eos
1369 4409 1523 4474 omnibus

475 4645 584 4654 ⁴⁸⁸-
1097 4637 1362 4647 -—-..-—-.......-..-
1372 4637 1384 4642 ..
1390 4637 1412 4643 ....
1421 4637 1430 4640 -

539 4797 546 4826 ¹
580 4795 607 4843 'si
633 4811 693 4860 eso,
709 4792 758 4842 nisi
770 4792 823 4851 deo,
836 4789 892 4840 MS.
1052 4784 1210 4851 ’speciebuq
1224 4800 1272 4834 om.
1285 4784 1340 4836 MS.
