3542 5800
426 848 490 913 328
684 861 750 914 aro.
775 865 821 913 m·
844 864 976 914 eramo.
1001 864 1091 915 senc.
1115 863 1201 913 mer.

425 1046 493 1125 bat,
510 1054 551 1125 et,
569 1048 654 1113 sicut
669 1048 733 1113 alic
755 1048 792 1112 in
815 1049 885 1115 loco
905 1048 1132 1136 praediximus,
1148 1070 1230 1135 quos
1244 1068 1394 1113 accusare
1409 1068 1478 1111 non

425 1149 544 1235 potuit,
572 1154 654 1235 potu
679 1172 734 1215 ecs
760 1152 948 1217 venenifero
974 1172 1091 1217 necare
1116 1150 1296 1217 consuevit
1358 1150 1477 1235 itaque

424 1272 484 1337 pro
511 1251 634 1339 reginas
661 1253 830 1335 maleficio,
856 1255 943 1320 sicut
969 1254 1117 1341 superius
1143 1254 1270 1341 prolixe
1296 1258 1477 1319 tractatum

424 1358 486 1432 est,
509 1376 621 1419 omnes
652 1356 913 1437 coniuraverant‚
938 1358 1027 1445 quod
1048 1378 1219 1443 nunquam
1241 1378 1351 1443 regem
1380 1376 1478 1446 super

424 1476 459 1520 se
488 1476 625 1543 regnare
662 1458 903 1544 permitterent,
934 1459 993 1545 qui
1030 1458 1066 1523 in
1102 1459 1269 1546 praedictis
1305 1456 1477 1544 culpabilis

424 1556 637 1624 inveniretur.
706 1560 906 1626 Revertente
943 1567 1056 1627 autem
1092 1583 1114 1625 a
1143 1561 1251 1625 Roma
1286 1557 1478 1625 AEthelwlfo

424 1680 499 1746 rege
514 1662 657 1747 pacifice,
674 1662 852 1749 praedictus
876 1664 966 1729 filius
990 1665 1061 1729 eius
1085 1662 1303 1729 Ethelbaldus
1319 1683 1395 1727 cum
1409 1661 1478 1727 suis

425 1762 637 1847 complicibus
652 1770 842 1851 conceptam
866 1765 1051 1851 nequitiam
1074 1766 1118 1829 ad
1132 1764 1287 1830 effectum
1301 1763 1478 1850 perducere

255 1872 364 1923 AErhwl
366 1872 390 1922 ll
424 1869 568 1951 attempt
553 1866 650 1932 tavit.
697 1864 763 1929 Sed
780 1866 870 1933 Deus
891 1868 1098 1954 omnipotens
1112 1888 1180 1931 non
1192 1866 1364 1954 permisit.
1399 1887 1478 1930 nam

256 1939 410 2056 {fizfflssm
424 1988 465 2030 ne
479 1966 563 2032 forte
586 1967 761 2053 plusquam
788 1967 885 2035 civile
911 1968 1034 2035 bellum
1056 1970 1145 2035 inter
1166 1974 1293 2055 patrem
1316 1972 1352 2033 et
1370 1966 1477 2032 filium

257 2088 321 2133 porr
274 2074 321 2121 orti
323 2073 399 2123 onor
424 2068 672 2150 convalesceret,
709 2070 902 2136 ineffabilis¹
934 2073 1022 2159 regis
1043 2071 1218 2137 clementia
1241 2092 1371 2137 omnem
1401 2090 1481 2135 con·

253 2138 363 2255 {1⁰3
346 2149 401 2190 ²⁰
423 2172 633 2257 spirationem
658 2172 881 2239 nobiliumet
846 2174 1132 2260 etepiscoporum
1154 2174 1304 2251 cassavit,
1323 2171 1477 2237 dividens

253 2272 394 2323 Ethelbalu.
424 2294 498 2337 cum
528 2274 679 2339 filiosuo
710 2296 848 2361 regnum
873 2276 1129 2342 Westsaxonum
1158 2280 1257 2341 antea
1285 2274 1475 2351 indivisum,

423 2374 474 2439 ita
501 2378 540 2440 ut
566 2397 641 2461 pars
668 2377 761 2463 regni
793 2377 963 2443 orientalis
985 2378 1023 2443 in
1045 2384 1167 2443 sortem
1191 2378 1253 2443 lilii
1283 2376 1412 2442 cederet
1441 2380 1478 2440 et

420 2477 629 2541 occidentalis
655 2479 743 2564 patri
764 2487 959 2547 remaneret.
1006 2480 1052 2545 Et
1074 2502 1150 2545 cum
1171 2486 1245 2545 tota
1266 2479 1362 2566 regni
1382 2478 1477 2543 nobi-

420 2578 498 2644 litas
513 2600 572 2665 pro
588 2601 664 2665 rege
687 2580 853 2647 decertare
877 2583 1041 2649 etlilium
1063 2604 1084 2647 a
1106 2584 1177 2648 iure
1199 2583 1293 2669 regni
1316 2582 1476 2668 depellere

420 2680 554 2762 vellent,
577 2683 605 2747 si
631 2686 727 2769 pater
753 2684 789 2747 id
812 2684 884 2749 fieri
908 2686 1120 2771 permisisset,
1142 2685 1213 2772 ipse
1234 2684 1356 2750 mentis
1381 2684 1476 2749 nobi-

420 2782 516 2849 litate
546 2784 589 2849 ab
621 2784 770 2851 avaritiae
800 2807 870 2851 sese
900 2787 986 2852 vitio
1017 2786 1195 2852 excludens
1224 2788 1287 2851 filii
1316 2785 1369 2852 sui
1398 2807 1474 2851 con-

421 2886 632 2973 cupiscentioe
659 2888 826 2954 satisfecit.
888 2888 1008 2976 Sicque
1038 2896 1132 2977 pater
1154 2890 1243 2956 iusto
1266 2888 1330 2955 Dei
1352 2887 1475 2956 iudicio

421 3011 561 3076 regnare
591 2991 758 3073 debuerat,
790 2991 858 3057 illic
887 2992 977 3058 filius
1000 2995 1154 3079 pertinax
1178 2999 1213 3059 et
1239 2993 1373 3078 iniquus
1401 3015 1474 3080 reg·

420 3091 524 3158 navit
583 3093 748 3159 Praeterea
777 3095 945 3181 piissimus
978 3117 1038 3160 rex
1070 3095 1280 3162 AEthelwllirs
1307 3095 1475 3181 quoddam
1541 3085 1546 3092 ⁴

422 3195 582 3280 scriptum
619 3195 785 3263 libertatis
831 3197 889 3282 pia
926 3197 1045 3263 ductus
1082 3197 1259 3264 devotione
1296 3197 1477 3263 universali

421 3295 562 3362 sedeciae
591 3298 749 3363 concessit
779 3298 980 3386 Anglicanae
1041 3298 1144 3365 Cuius
1165 3305 1262 3366 tenor
1290 3299 1368 3364 talis
1397 3305 1473 3366 est:

252 3395 361 3450 sthur
363 3397 441 3449 ΙΨ
461 3399 499 3462 AE
501 3398 678 3480 t,belwlfus
711 3400 775 3465 Dei
805 3401 914 3488 gratia
936 3400 1193 3468 Wcstsaxonum
1216 3424 1285 3482 reri,
1311 3403 1476 3468 universis

251 3465 358 3594 pparpp,
327 3547 371 3596 mg
422 3499 482 3566 sub
509 3505 584 3566 nost
585 3524 621 3566 ro
643 3501 803 3587 regimine
834 3503 1022 3570 constitutis
1051 3505 1096 3570 ed
1117 3510 1308 3592 perpetuam
1339 3505 1387 3570 rei
1407 3527 1477 3571 me-

251 3595 314 3714 {hl}
305 3606 431 3716 olitores.
422 3601 569 3682 moriam,
592 3608 752 3690 regnante
776 3605 920 3670 Domino
942 3607 1090 3671 nostro
1081 3611 1353 3693 inperpetuum:
1393 3606 1475 3672 dum

252 3727 295 3778 w·
297 3731 323 3779 11
422 3703 458 3768 in
482 3703 603 3770 nostris
629 3705 830 3792 temporibus
857 3707 1017 3773 bellorum
1042 3709 1196 3774 incendia
1218 3719 1253 3775 et
1276 3709 1476 3794 direptiones

252 3795 410 3928 11ξῖ1Μοῦ
423 3828 522 3893 opum
547 3813 744 3887 nostrarum,
778 3829 905 3874 necnon
935 3815 970 3875 et
999 3811 1206 3876 vastantium
1235 3811 1476 3877 crudelissimas

404 3903 682 4002 depraedationes
698 3910 850 3987 hostium,
873 3911 1088 3977 barbararum
1110 3935 1378 4000 paganarumque
1396 3936 1476 4001 gen

419 4011 506 4078 tium
522 4012 721 4100 multiplices
736 4012 976 4092 tribulationes,
990 4014 1061 4099 [ad]
1073 4013 1296 4102 adfligendum
1311 4016 1475 4102 usquead

419 4113 670 4181 internicionem
701 4119 851 4202 tempora
880 4117 1044 4182 cernimus
1066 4117 1254 4184 incumbere
1284 4120 1473 4206 periculosa.

420 4214 640 4294 Quamobrem
657 4239 715 4304 ego
732 4216 941 4283 AEthelvvlfus
954 4240 1015 4284 rex
1030 4217 1289 4286 Occidentalium
1304 4220 1473 4288 Saxonum

418 4339 492 4380 cum
519 4320 652 4385 consilio
680 4319 906 4406 episcoporum
936 4342 973 4385 ac
1003 4321 1189 4409 principum
1218 4344 1366 4390 meomm
1395 4345 1472 4390 con-

416 4417 527 4482 silium
550 4425 648 4506 atque
671 4422 831 4487 uniforme
853 4422 1034 4488 remedium
1065 4423 1237 4504 affirmavi,
1261 4431 1301 4491 ut
1326 4427 1472 4512 aliquam

415 4520 602 4605 portionem
625 4527 788 4589 terramm
822 4524 1066 4604 hereditariam,
1090 4532 1191 4592 antea
1227 4527 1473 4613 possidentibus

416 4622 566 4688 omnibus
588 4624 754 4712 gradibus,
782 4625 853 4692 sive
876 4627 1009 4692 famulis
1032 4632 1066 4694 et
1087 4628 1272 4695 famulabus
1295 4623 1367 4709 Dei,
1395 4629 1472 4697 Deo

1040 4771 1098 4778 ...0-
1410 4774 1466 4782 ·-—-

742 4845 748 4876 ¹
768 4843 915 4913 ineffabilia]
934 4845 1064 4912 meffabili,
1082 4849 1139 4902 MS.
