3542 5800
478 939 524 989 nn
546 939 661 993 cnerrs
683 938 804 989 escun
826 938 1011 989 ason-11.
1028 920 1079 993 37.
1232 924 1306 1038 ,149

253 1128 468 1210 expectantes.
514 1123 561 1189 Et
580 1127 654 1209 post
673 1123 880 1209 aliquantum
902 1122 991 1189 horse
1012 1122 1164 1209 spatium,
1186 1122 1306 1189 resedit

251 1226 307 1311 qui
338 1226 530 1304 vexabatur,
554 1230 589 1291 et
618 1226 765 1312 graviter
786 1225 974 1312 suspirans:
1001 1232 1018 1261 “
1031 1224 1160 1303 Modo,”
1183 1224 1303 1311 inquit,

253 1338 270 1364 “
283 1352 402 1395 sanum
428 1328 541 1416 sapio;
571 1327 677 1414 recepi
707 1328 795 1393 enirn
821 1350 952 1393 sensum
982 1328 1084 1393 animi
1115 1328 1211 1393 mei.”
1257 1327 1305 1393 At

251 1430 298 1496 illi
344 1431 457 1497 sedulo
491 1430 748 1507 sciscitabantur,
791 1430 953 1516 quomodo
1000 1430 1061 1497 hoc
1108 1430 1305 1519 contigisset

254 1534 318 1615 Qui
342 1535 413 1601 ait:
440 1534 549 1599 “Mox
567 1539 608 1600 ut
629 1532 724 1621 virgo
746 1532 817 1599 haec
838 1554 914 1599 cum
936 1534 1075 1621 capsella
1104 1555 1204 1620 quam
1234 1554 1307 1619 por-

253 1636 347 1702 tabat
386 1636 662 1723 appropinquavit
699 1636 785 1701 atrio
822 1636 938 1701 domus
983 1636 1089 1713 huius,
1133 1636 1306 1703 discessere

253 1762 364 1805 omnes
400 1740 459 1825 qui
496 1762 550 1805 me
587 1738 780 1825 premebant
820 1738 954 1825 spiritus
994 1738 1137 1825 maligni,
1177 1742 1211 1803 et
1253 1760 1305 1803 rue

252 1841 364 1907 relicto
396 1862 559 1927 nusquam
584 1839 862 1928 comparuerunt'’
908 1840 1000 1905 Tunc
1024 1840 1115 1905 dedit
1144 1840 1175 1905 ci
1206 1840 1306 1905 abba-

255 1944 333 2009 tissa
354 1944 594 2031 portiunculam
617 1943 658 2008 de
682 1942 817 2029 pulvere
836 1942 893 2008 illo
905 1965 914 2021 ;
937 1942 1033 2009 etsie
1056 1944 1135 2007 data
1157 1942 1305 2009 oratioue

254 2069 273 2111 a
295 2045 495 2133 presbytero,
521 2051 650 2111 noctem
680 2046 770 2109 illam
794 2044 1031 2132 quietissimam
1058 2044 1174 2109 duxit:
1199 2066 1304 2130 neque

253 2148 378 2235 aliquid
404 2170 447 2213 ex
470 2170 510 2213 eo
533 2153 679 2236 tempore
703 2146 856 2213 nocturni
879 2145 1008 2213 timoris
1033 2152 1092 2212 aut
1119 2146 1304 2213 vexationis

255 2252 295 2317 ab
316 2252 455 2337 antiquo
476 2250 570 2317 hoste
592 2250 738 2338 pertulit.

254 2596 502 2665 corruscans.
546 2595 598 2663 De
608 2594 760 2680 ponae
773 2595 926 2681 quodam
948 2617 971 2662 a
985 2596 1142 2682 febribus
1163 2602 1281 2663 curato
1291 2618 1305 2676 ;
1318 2596 1424 2653 scum
1435 2602 1472 2651 ¹2·

295 2706 325 2765 et
348 2698 389 2764 de
411 2697 592 2785 sepultura
622 2698 750 2784 capitis
776 2704 807 2765 et
836 2719 1013 2767 mosum
1043 2722 1124 2766 cnm
1154 2697 1304 2767 bracchiis

295 2801 409 2868 sandi
433 2800 587 2867 Omoatdt
609 2800 709 2888 repis.

294 2983 481 3058 Sedunum
511 2981 628 3048 dehinc
650 2985 798 3068 tempore
821 2981 887 3048 fuit
911 2981 947 3047 in
969 2983 1081 3048 eodem
1109 2983 1306 3050 monasterio

252 3086 406 3172 puerulus
435 3083 570 3171 quidam
607 3084 705 3172 longo
743 3085 886 3150 febrium
924 3085 1129 3150 incommodo
1160 3085 1307 3171 graviter

251 3193 408 3253 vexatus:
433 3185 492 3273 qui
522 3209 598 3252 cum
627 3187 680 3252 die
711 3187 853 3272 quadam
882 3187 1041 3252 sollicitus
1063 3186 1177 3252 horam
1204 3209 1307 3254 acom-

250 3289 362 3355 sionis¹
389 3294 585 3376 expectaret,
600 3289 765 3376 ingressus
780 3289 823 3354 ad
838 3309 914 3354 eum
929 3289 1062 3375 quidam
1079 3289 1119 3355 de
1134 3289 1305 3357 fratribus:

251 3401 269 3430 “
285 3392 374 3470 Vis,''
399 3392 516 3478 inquit,
550 3393 624 3456 “mi
654 3397 741 3469 nate,
773 3391 906 3457 doceam
937 3399 971 3456 te
998 3393 1160 3479 quomodo
1186 3395 1308 3460 cureris

250 3495 292 3560 ab
316 3495 505 3562 huiusmodi
528 3495 679 3561 molestia
703 3493 916 3581 languorisl²
961 3493 1066 3583 Surge
1089 3502 1123 3562 et
1138 3495 1306 3584 ingredere

251 3597 423 3676 ecelesiam,
455 3603 490 3664 et
527 3597 681 3663 accedens
719 3597 762 3661 ad
795 3596 979 3683 sepulcrum
1011 3599 1116 3665 sancti
1150 3599 1303 3678 Oswaldi,

176 3697 179 3704 ’
249 3699 295 3765 ibi
324 3700 437 3779 reside,
465 3707 500 3766 et
535 3699 667 3786 quietus
704 3722 839 3766 manens
873 3700 1005 3767 adhaere
1038 3701 1171 3770 tumbae.
1218 3702 1305 3768 Vide

248 3824 289 3868 ne
326 3825 424 3869 exeas
461 3803 547 3880 inde,
589 3824 649 3868 nec
688 3802 730 3867 de
766 3802 837 3867 loco
877 3803 1048 3884 movearis,
1084 3805 1187 3870 donec
1225 3804 1306 3870 hora

248 3905 434 3972 reoessionis
462 3905 605 3971 febrium
635 3903 833 3970 transierit.''
878 3903 970 3970 Tunc
1000 3906 1068 3992 ipse
1098 3907 1238 3982 intrabo,
1271 3911 1306 3972 et

250 4009 383 4075 educam
412 4013 447 4074 te
477 4007 562 4073 inde
609 4005 706 4072 Fecit
735 4011 775 4072 ut
804 4005 860 4071 ille
890 4013 1045 4088 suaserat,
1071 4009 1304 4094 sedentemque

249 4110 290 4176 ad
321 4111 472 4177 tumbam
503 4109 607 4176 sancti
636 4109 811 4175 infirmitas
837 4113 972 4196 tangere
994 4130 1201 4194 nequaquam
1224 4132 1306 4197 prae-

250 4215 408 4301 sumpsit3
447 4213 529 4300 quin
571 4213 607 4276 in
645 4215 777 4277 tantum
816 4211 937 4275 timens
978 4210 1130 4300 urrfirgit‚³
1167 4218 1207 4278 ut
1245 4235 1305 4282 nec

248 4317 388 4382 secunda
418 4316 480 4394 die,
516 4337 575 4380 nec
619 4314 727 4392 tertia,
769 4335 830 4378 nec
874 4334 1032 4398 umquam
1071 4314 1191 4382 exinde
1228 4339 1304 4383 eurn

247 4419 382 4484 auderet
409 4419 604 4506 contingere.
651 4415 722 4481 Nec
752 4414 939 4480 mirandum
970 4439 1079 4506 preces
1103 4420 1189 4507 regis
1215 4419 1304 4486 illius

256 4596 423 4604 .—--—----
483 4599 491 4602 -
725 4601 732 4606 .
763 4601 814 4606 .-..
844 4599 892 4605 --
942 4597 1089 4604 .-——-—-
1106 4597 1302 4605 m--.--.-.

282 4705 289 4734 ¹
307 4705 465 4770 maenianis]
501 4704 664 4765 accensionis,
692 4704 748 4755 MS.
833 4706 964 4772 ἀψιςίῑ]
986 4705 1083 4773 affugit,
1102 4705 1174 4768 Ms.;
1198 4705 1304 4775 affugit.

250 4781 297 4834 See
307 4784 368 4834 Bed.
380 4783 416 4836 Ill.
430 4790 468 4835 12.
801 4785 863 4837 Bed-

282 4863 293 4892 ¹
306 4859 444 4929 Ιιιιςωνὺ]
462 4862 581 4929 langoris,
592 4863 648 4915 MS.
