3542 5800
467 849 533 922 378
723 866 789 917 sno.
813 866 860 915 on
882 865 1014 917 omme.
1038 866 1130 916 erno.
1154 864 1242 915 msr.

302 1071 454 1137 Anglsscr.
467 1074 596 1119 necnon
627 1056 662 1117 et
683 1056 797 1117 contre
827 1051 973 1117 omnium
994 1073 1196 1140 pegenonrm
1231 1072 1365 1133 morem,
1402 1056 1513 1117 torum

302 1138 319 1189 i.
331 1144 387 1190 ²⁰⁴·
471 1155 574 1242 petris
596 1154 743 1220 defuncti
764 1154 941 1220 ascendens
962 1154 1136 1236 Judithen,
1167 1154 1278 1221 Oeroli
1300 1156 1387 1242 regis
1409 1154 1513 1219 Fran·

467 1280 578 1323 corum
600 1257 713 1337 filiam,
735 1258 772 1322 in
794 1258 1005 1323 matrimonio
1028 1258 1157 1337 ducens,
1180 1257 1311 1323 effrenis
1333 1257 1459 1323 duobus
1473 1280 1512 1322 ec

466 1360 602 1424 dimidio
631 1362 705 1446 post
727 1364 854 1446 petrem
888 1361 985 1424 annis
1020 1360 1282 1426 Occidentalium
1315 1360 1509 1445 [Senonum]

464 1462 589 1549 apicem
603 1462 777 1528 crudeliter
791 1461 997 1549 gubernavit.
1041 1462 1189 1527 Tandem
1204 1461 1433 1529 AEthelbeldus
1451 1484 1510 1527 rex

464 1566 506 1631 eb
544 1586 650 1631 errore
696 1565 883 1653 supradicto
924 1564 1123 1652 resipiscens,
1168 1565 1305 1630 dim'mss
1345 1563 1511 1630 Judithen

299 1648 451 1767 ffiffid·
463 1689 602 1735 noveroe
626 1691 693 1747 sue,
716 1670 808 1734 cuius
829 1673 942 1735 torum
955 1668 1146 1747 foedevemt,
1166 1673 1298 1756 percote
1318 1668 1513 1754 paenitentia

298 1784 386 1841 Aeser,
463 1778 608 1857 tompore
638 1793 702 1858 quo
732 1775 846 1859 posteo
878 1770 1064 1857 supervixit
1092 1792 1230 1857 regnum
1267 1791 1342 1835 cum
1370 1792 1448 1857 poce
1477 1775 1513 1835 et

299 1850 435 1999 ἔξω·
462 1874 592 1941 iustitie
613 1873 778 1940 tractavit.
837 1873 904 1940 Sed
932 1879 1007 1961 post
1044 1873 1304 1959 quinquennium
1340 1873 1377 1937 in
1411 1894 1513 1959 regno

298 1970 389 2052 Weiu.
403 1982 631 2065 moperectum
663 1975 892 2043 AEthelbeldus
923 1981 1027 2042 morte
1056 1981 1107 2041 est
1141 1975 1308 2041 inmature
1332 1980 1513 2061 prremptus

299 2069 371 2119 Mae.
398 2172 403 2183 Ι
465 2086 499 2147 et
522 2081 609 2167 apud
632 2078 883 2147 Schireburnem
905 2079 994 2165 regio
1019 2078 1183 2144 schemate
1204 2085 1256 2144 est
1276 2078 1430 2165 sepultus

867 2378 1116 2445 commoneo.

299 2512 438 2629 Riihl,
515 2544 702 2613 SUOOESSIT
734 2547 846 2609 nutem
868 2542 1079 2608 AEthelbeldo
1101 2542 1139 2606 in
1160 2563 1298 2629 regnum
1321 2539 1505 2606 westsaxo-

299 2662 429 2712 Ethelbert
467 2671 546 2713 num
561 2648 662 2712 freter
677 2647 747 2712 eius
763 2645 975 2712 Ethelbertus
990 2646 1048 2732 qui
1059 2633 1332 2723 westsaxoniam,
1349 2642 1512 2723 (lentiam,

298 2730 450 2845 ffiffier
467 2750 667 2825 AEstseniem
705 2753 740 2815 et
779 2748 990 2814 Suthsexiam
1026 2748 1088 2813 sub
1124 2770 1184 2813 suo
1215 2746 1359 2813 dominio
1391 2745 1513 2811 menci-

305 2862 449 2912 AEthelbald
468 2855 569 2943 pavit.
617 2852 659 2919 In
683 2852 799 2919 diebus
821 2857 934 2918 eutem
957 2850 1046 2916 illius
1066 2872 1187 2938 magne
1210 2850 1381 2916 Denorum
1401 2848 1513 2914 multi-

302 2930 455 3060 fflisefffi'
471 2959 552 3025 tudo
597 2979 656 3046 per
692 2979 848 3023 oceanum
889 2954 1068 3020 adveniens
1109 2953 1308 3018 Wentenom
1344 2951 1512 3017 civitatem

303 3077 439 3128 invasione.
469 3062 661 3150 populosum
693 3059 859 3125 hostiliter
896 3057 1057 3144 spoliavit.
1114 3055 1241 3136 Quibus
1278 3077 1352 3119 eum
1385 3053 1512 3140 ingenti

470 3165 582 3251 proedo
619 3163 662 3228 ed
696 3183 796 3227 neves
834 3159 1084 3236 revertentibus,
1116 3179 1222 3224 comes
1252 3157 1514 3244 Hemptunensis

300 3251 431 3368 {3⁹2ss4
441 3334 448 3377 ὅ
473 3267 606 3333 Osricus
628 3271 663 3330 et
687 3263 868 3328 Bericensis
891 3284 997 3328 eomes
1021 3261 1190 3348 Athulpus
1211 3259 1278 3324 illis
1299 3259 1440 3324 viriliter
1461 3281 1513 3324 oc-

300 3387 364 3450 Rog.
473 3373 640 3435 currentes
667 3366 788 3431 multos
809 3387 851 3430 ex
874 3365 921 3429 eis
951 3364 1169 3440 trucidabant,
1194 3361 1308 3427 ceteris
1323 3361 1513 3448 perfugam

300 3453 392 3568 md·
405 3451 455 3502 ⁸¹²⁶
471 3471 596 3558 elapsis.
658 3468 811 3534 Praedioti
841 3489 918 3532 vero
952 3467 1041 3532 Deni
1072 3465 1109 3531 in
1138 3467 1247 3531 insule
1275 3464 1381 3530 Tenet
1411 3463 1513 3529 hiem-

300 3585 405 3635 Westm.
468 3578 618 3652 everunt,
663 3571 859 3656 firmumque
912 3570 1001 3657 pacis
1045 3568 1153 3634 foedus
1196 3591 1272 3634 cum
1309 3566 1514 3633 Centueritis

300 3651 438 3704 A·⁰·⁸⁶3·
469 3678 673 3766 pepigerunt.
721 3673 787 3739 Sed
808 3694 898 3738 more
918 3673 1058 3758 vulpino
1087 3676 1186 3758 rupto
1207 3670 1328 3736 foedere
1355 3669 1395 3752 de
1417 3674 1512 3734 nocte

301 3743 442 3860 diffide„
470 3805 512 3848 ex
536 3778 651 3846 cestris
674 3781 881 3863 erumpentes
896 3780 1003 3841 totam
1026 3775 1217 3839 orientalem
1232 3773 1361 3839 Cantiae
1381 3772 1512 3859 plegem

300 3878 371 3927 Wffl·
402 3943 418 3956 ,,
470 3881 660 3972 depopulati
690 3885 777 3960 sunt,
811 3885 845 3945 et
876 3879 920 3944 ad
940 3899 1042 3945 neves
1064 3899 1137 3943 oum
1160 3875 1271 3962 spoliis
1292 3881 1510 3940 revertuntur.

304 3959 682 4076 117‚p‡i¹i5.Ethelbertus
725 4006 804 4048 vero
852 4003 911 4046 rex
950 3985 1081 4046 strenue
1126 3979 1327 4063 dulciterque
1373 3999 1511 4064 regnum

470 4091 658 4158 modernius
680 4091 808 4152 neturae
824 4085 974 4150 debitum
996 4082 1096 4150 solvit
1117 4084 1193 4169 post
1214 4080 1307 4168 regni
1330 4079 1511 4167 quinquen-

301 4177 393 4292 Μὰ
405 4241 455 4291 and
467 4195 568 4272 nium,
592 4191 819 4259 Schireburnae
841 4187 995 4274 sepultus.

301 4243 368 4293 ch

863 4473 1111 4540 Oosrmonrro.

300 4641 453 4762 ffiffiz)
509 4669 610 4734 Anno
637 4663 819 4732 Dominicae
849 4658 1085 4727 incarnationis
1115 4651 1387 4742 octingentesimo
1415 4673 1510 4718 sexe-

299 4777 455 4894 ffiffioe
466 4773 589 4864 gesimo
622 4769 762 4858 septimo
789 4766 892 4832 freter
915 4763 986 4831 eius
1015 4760 1213 4828 Ethelredus
1233 4757 1388 4825 successit
1420 4754 1511 4822 eiin

299 4909 436 4962 Ethelbert.
