3542 5800
499 831 562 895 158
756 844 829 917 nro.
853 846 900 893 ns
924 846 1058 895 suanno.
1084 846 1171 895 seno.
1194 846 1281 895 nrsr.

498 1032 674 1120 prinoipali
689 1034 869 1101 autoritate
883 1036 1049 1123 praecepit.
1096 1036 1179 1116 Quae
1193 1057 1235 1101 ne
1251 1034 1344 1103 facile
1360 1058 1380 1100 a
1394 1036 1550 1123 quopiam

501 1139 613 1221 posset
650 1137 825 1216 contemni,
857 1138 894 1201 in
926 1144 1181 1225 transgressores
1210 1138 1328 1224 dignas
1358 1143 1393 1205 et
1422 1160 1549 1225 oompe-

328 1254 482 1320 Erkengota,
500 1242 611 1304 tentes
640 1240 830 1325 punitiones
860 1240 1039 1327 proposuit
1103 1240 1207 1306 Oenius
1243 1242 1314 1305 filia
1348 1240 1549 1328 Erkengota,

329 1320 539 1439 fflfflsut
576 1342 738 1428 eondigna
774 1343 905 1429 parenti
943 1341 1078 1422 soboles,
1117 1364 1309 1429 magnarum
1352 1343 1418 1409 fuit
1455 1343 1550 1430 virgo

497 1444 670 1524 virtutum,
711 1446 858 1511 serviens
896 1445 1041 1511 Domino
1078 1444 1114 1510 iu
1151 1444 1351 1511 monasterio
1388 1446 1477 1533 quod
1514 1446 1549 1510 in

496 1547 630 1634 regione
672 1548 875 1637 Franoorum
921 1552 1144 1614 constructum
1194 1552 1244 1613 est
1292 1549 1336 1614 ab
1382 1549 1550 1615 abbatissa

494 1650 710 1728 nobilissima,
741 1651 903 1717 vocabulo
942 1651 1037 1729 Fara,
1069 1650 1105 1715 in
1141 1649 1212 1715 loeo
1251 1651 1309 1737 qui
1346 1652 1469 1717 dieitur
1507 1652 1548 1716 In

497 1752 620 1841 Brigte
666 1753 755 1817 Nam
787 1775 825 1819 eo
854 1758 1004 1839 tempore
1034 1754 1175 1819 nendum
1205 1754 1321 1819 multis
1350 1756 1386 1823 in
1415 1755 1550 1842 regione

496 1856 680 1943 Anglorum
706 1857 915 1925 monasteriis
941 1857 1146 1935 constructis,
1175 1855 1275 1921 multi
1307 1858 1348 1921 de
1372 1857 1549 1923 Britannis

496 1965 685 2029 monasticae
709 1962 966 2029 conversationis
989 1963 1098 2049 gratia
1120 1960 1322 2027 Francorum
1347 1963 1402 2028 vel
1427 1962 1547 2028 Gallia-

496 2086 570 2130 rum
594 2066 794 2131 monasteria
817 2065 911 2129 adire
940 2064 1110 2145 solebant;
1142 2066 1200 2130 sed
1230 2072 1264 2131 et
1289 2066 1374 2131 filias
1399 2086 1476 2131 suas
1500 2066 1547 2131 eis

495 2168 700 2247 erudiendas,
730 2190 769 2232 ao
799 2166 927 2253 sponso
958 2167 1080 2232 ooelesti
1110 2166 1310 2255 copulandas
1344 2166 1545 2247 mittebant;

495 2271 639 2335 maxime
661 2270 698 2333 in
719 2269 834 2356 Brigte
856 2274 891 2335 et
913 2269 950 2333 in
972 2268 1058 2345 Gale,
1080 2275 1114 2334 at
1134 2269 1170 2333 in
1192 2270 1395 2356 Andilegum
1418 2291 1546 2336 monas-

494 2372 587 2437 terio.
648 2372 744 2437 Inter
773 2394 854 2457 quas
888 2376 960 2437 erat
994 2370 1157 2449 Sedritha,
1188 2372 1258 2436 filia
1294 2372 1408 2437 uxoris
1438 2374 1545 2439 Annae

495 2474 583 2562 regis
607 2474 828 2540 Orientalium
856 2473 1049 2559 Anglorum,
1078 2474 1171 2539 errius
1197 2495 1298 2560 supra
1328 2475 1545 2553 meminimus,

495 2582 530 2642 et
574 2576 645 2641 filia
682 2576 846 2641 naturalis
891 2576 1035 2641 eiusdem
1074 2576 1159 2663 rogis
1197 2575 1435 2663 AEthelburga3
1473 2600 1546 2663 quse

494 2686 636 2765 utraque
672 2700 747 2745 oum
786 2684 871 2745 esset
908 2680 1089 2766 peregrino,
1129 2700 1189 2765 pro
1225 2680 1343 2745 merito
1379 2680 1545 2745 virtutum

495 2782 641 2848 eiusdem
671 2780 862 2847 monasterii
882 2780 1066 2867 Brigtensis
1091 2786 1142 2845 est
1164 2780 1331 2846 abbatissa
1356 2783 1547 2848 constituta.
1633 2782 1637 2788 ’

326 2898 451 2967 Sexburg,
496 2885 600 2952 Cuius
619 2885 706 2973 regis
727 2884 797 2949 filia
818 2883 924 2948 maior
940 2883 1121 2970 sexburga,
1138 2906 1224 2950 uxor
1239 2883 1439 2950 Erkenberti
1460 2886 1547 2973 regis

324 2967 475 3086 {mm
496 2989 761 3068 Cantuariorum,
777 2987 897 3052 habuit
920 2986 1026 3050 filium
1043 2986 1276 3074 Erkengotam,
1293 2987 1334 3052 de
1349 3009 1414 3072 qua
1433 3009 1546 3053 sumus

323 3190 449 3308 Ῑέῗὼοἲ
494 3093 652 3259 dlellurllus
676 3197 788 3258 autem
810 3190 951 3278 virginis
974 3191 1045 3258 Deo
1072 3191 1190 3258 dieatae
1214 3191 1413 3278 Erkengotae
1440 3193 1546 3258 mulia

348 3267 478 3324 mm
496 3298 629 3383 quidem
655 3295 698 3361 ab
722 3294 837 3360 ineolis
862 3293 925 3358 looi
951 3293 1040 3358 illius
1064 3296 1170 3360 solent
1196 3315 1294 3380 opera
1319 3295 1485 3360 virtutum
1512 3302 1546 3360 et

494 3399 590 3485 signa
619 3397 852 3463 miraculorum
882 3417 986 3482 usque
1015 3396 1111 3462 hodie
1141 3397 1275 3462 narrari.
1331 3396 1456 3461 Verum
1486 3419 1545 3462 nos

494 3501 535 3565 de
550 3500 696 3565 transitu
718 3499 864 3564 eiusdem
878 3498 1017 3584 virginis
1040 3503 1180 3576 tantum,
1198 3521 1263 3586 quo
1285 3499 1430 3564 eoelestia
1445 3522 1546 3587 regns

494 3604 601 3690 petiit,
640 3601 767 3688 aliquid
811 3601 957 3666 breviter
994 3601 1099 3667 dicere
1137 3601 1284 3669 sufficiat.
1345 3601 1546 3668 Imminente

493 3729 570 3794 ergo
598 3705 651 3772 die
681 3727 749 3770 suae
773 3703 964 3784 vocationis,
992 3705 1088 3791 eoepit
1118 3706 1252 3770 oirouirs
1281 3705 1317 3770 in
1346 3708 1545 3772 monasterio

492 3808 619 3876 msulae
671 3807 877 3872 infirmarum
932 3805 1055 3872 Christi
1108 3807 1313 3885 famulemm,
1367 3829 1545 3896 earumque

490 3913 643 3989 maxime,
665 3933 740 3997 quse
757 3909 812 3997 vel
833 3913 933 3975 aetate
955 3914 1126 3995 provectae,
1151 3909 1205 3974 vel
1227 3910 1391 3997 probitate
1414 3932 1544 3976 morum

491 4020 586 4082 erant
615 4013 830 4100 insigniores:
864 4032 1003 4097 quarum
1028 4033 1062 4076 se
1085 4012 1232 4078 omnium
1262 4011 1413 4098 precibus
1434 4011 1543 4078 humi-

488 4119 566 4184 liter
618 4114 858 4193 commendans,
906 4113 1034 4179 obitum
1086 4113 1236 4199 proxime
1289 4135 1393 4190 suum,
1443 4136 1542 4200 quem

488 4219 688 4287 revelatione
712 4218 880 4296 didiuerat,
903 4237 970 4280 non
993 4217 1112 4282 celavit
1135 4237 1204 4282 esse
1226 4216 1384 4283 firturum.
1432 4216 1541 4297 Quam

487 4322 643 4387 videlieet
687 4321 923 4386 revelationem
972 4319 1159 4385 huiusmodi
1206 4341 1273 4387 esse
1322 4321 1538 4408 perhibebat:

486 4423 608 4492 vidisse
629 4445 664 4489 se
686 4407 892 4488 albatorum¹
921 4427 1086 4488 catervam
1108 4421 1280 4490 hominum
1302 4424 1389 4489 idem
1413 4446 1542 4492 monas-

508 4611 593 4619 --—-

801 4747 808 4778 ¹
820 4745 967 4810 obseram]
988 4745 1153 4806 Abbatorum.
1167 4745 1224 4796 MS.
