3542 5800
493 871 540 922 nr
560 872 676 924 esuris
697 871 817 924 neuun
839 871 1021 924 suun-ra
1047 859 1097 924 64.
1254 857 1317 922 265

342 1329 592 1400 commemo.
638 1328 737 1414 cuod
755 1328 856 1417 petri
870 1327 1028 1418 defuncto
1050 1329 1094 1398 in
1115 1349 1262 1418 repeton

698 1433 899 1502 mesonc

320 1640 401 1709 Ocu
421 1639 492 1710 brec
513 1639 627 1728 itaque
649 1643 684 1708 et
708 1638 897 1706 huiusmodi
918 1640 954 1706 in
977 1638 1108 1708 Christo
1131 1644 1321 1727 operaretur

274 1743 499 1812 AEtbelbertus
521 1749 557 1810 et
578 1743 644 1810 iam
666 1743 808 1831 pueriles
829 1764 932 1810 annos
954 1743 1116 1820 evaderet,
1132 1743 1319 1810 adolescens

275 1847 408 1916 effectus
435 1847 572 1914 tandem
604 1851 697 1936 patre
727 1847 871 1924 orbatur,
905 1851 940 1913 et
969 1847 1004 1914 in
1033 1847 1135 1936 regali
1157 1847 1239 1914 solio
1261 1869 1319 1934 per
1331 1823 1474 1943 fflff‘

274 1950 368 2038 regni
396 1971 542 2037 proceres
571 1951 719 2016 maxima
739 1949 936 2016 strenuitate
950 1949 1164 2032 sublimatur.
1211 1949 1319 2020 Necte
1333 1957 1471 2012 hanua.

274 2075 354 2120 vero
388 2053 592 2141 principatus
629 2052 725 2120 istius
762 2052 984 2141 gubernaculo
1021 2059 1055 2120 et
1097 2053 1319 2120 moderamine

274 2159 378 2223 tantus
406 2156 581 2244 potestatis
602 2160 779 2244 assumpto,
816 2160 960 2242 quantus
991 2157 1173 2223 excreverit
1194 2156 1231 2222 in
1253 2157 1321 2222 ius·

274 2259 358 2335 titia,
381 2279 481 2346 qnam
511 2258 675 2345 perfectus
701 2259 852 2325 extiterit
882 2259 920 2325 in
950 2259 1177 2338 misericordia,
1210 2259 1322 2326 siali-

274 2361 394 2447 quibus
438 2360 549 2428 verbis
596 2361 753 2449 explicari
802 2361 945 2441 deberet,
984 2367 1149 2452 oporteret
1185 2367 1225 2430 ut
1262 2367 1321 2430 aut

274 2462 433 2552 Virgilius
454 2463 549 2531 Maro
581 2469 789 2530 revocaretur
821 2463 864 2530 ab
897 2465 1018 2544 inferis,
1048 2469 1109 2533 aut
1130 2464 1156 2534 J
1157 2466 1321 2534 eronimus

274 2567 446 2656 presbyter
467 2567 748 2634 transmitteretur
762 2590 780 2634 e
796 2569 930 2656 superis
968 2569 1129 2636 Attamen
1144 2576 1322 2657 quantum-

273 2693 400 2758 cunque
422 2671 527 2737 nostri
548 2671 738 2758 suppeditet
752 2672 859 2738 virtus
880 2673 1016 2760 ingenii,
1031 2677 1321 2760 quantumcunque

273 2774 420 2862 suggerit
456 2779 632 2862 paupertas
667 2773 798 2861 eloquii,
837 2774 974 2862 dignum
1012 2775 1053 2842 de
1090 2798 1129 2842 eo
1167 2775 1322 2844 duximus

273 2900 385 2945 veram
406 2877 511 2944 facere
525 2877 726 2945 mentionem
744 2883 779 2944 et
800 2877 981 2965 simplicem
1000 2878 1153 2945 fidelibus
1174 2878 1322 2947 historiae

272 2988 384 3049 texere
412 2982 598 3047 veritatem
661 2979 875 3048 confortatus
905 2982 942 3047 in
972 3003 1073 3069 regno
1104 2987 1236 3049 sanctus
1259 2984 1322 3049 Dei

272 3086 429 3174 providus
450 3088 485 3151 et
514 3084 657 3172 prudens
690 3088 763 3151 erat
791 3084 828 3149 in
858 3083 1002 3162 consilio,
1026 3086 1133 3152 iustus
1163 3090 1197 3151 et
1227 3086 1322 3152 misa-

271 3190 371 3256 ricors
391 3210 518 3277 semper
538 3189 575 3253 in
597 3187 727 3267 iudicio,
742 3208 845 3254 verux
867 3208 927 3273 per
949 3186 1060 3255 omnia
1075 3192 1109 3253 et
1130 3194 1322 3255 mansuetus

271 3294 309 3359 in
330 3293 440 3359 verbo.
508 3291 691 3359 Concordia
727 3312 786 3378 per
822 3312 898 3355 eum
936 3291 1088 3357 veritatis
1125 3292 1255 3371 enituit,
1288 3298 1322 3359 et

272 3395 402 3461 iustitie
432 3394 468 3460 in
497 3414 599 3482 regno
636 3414 772 3460 summae
801 3392 890 3479 pacis
927 3395 1081 3460 excrevit.
1141 3394 1252 3462 Senex
1288 3400 1324 3462 et

272 3506 421 3566 maturus
452 3502 525 3563 erat
555 3518 621 3563 non
657 3501 728 3561 tam
761 3500 868 3573 aetate,
902 3516 1003 3584 quam
1036 3497 1205 3586 sapientia,
1239 3497 1324 3565 sicut

272 3603 429 3689 scriptum
459 3604 527 3666 est:
567 3598 682 3665 “Cani
711 3602 790 3665 sunt
825 3603 936 3665 autem
968 3620 1081 3667 sensus
1113 3602 1264 3683 hominis,
1288 3606 1491 3669 ethdiw·

272 3710 353 3773 aas
386 3702 564 3770 senectutis
593 3702 666 3768 vita
694 3701 922 3768 inmaculata.”
984 3702 1074 3771 Huic
1094 3706 1221 3793 optimu
1244 3728 1323 3771 cura

270 3808 310 3874 de
332 3806 438 3874 salute
460 3806 587 3894 patries,
611 3804 652 3871 de
683 3805 833 3892 profectu
854 3812 890 3872 et
912 3810 1003 3872 statu
1025 3807 1213 3895 reipublicae
1248 3808 1320 3888 fuit,

271 3911 313 3975 de
336 3910 479 3978 tuitione
500 3908 643 3987 urbium,
676 3908 717 3973 de
739 3909 950 4001 veneratione
973 3915 1156 3997 parentum,
1180 3910 1221 3976 de
1243 3932 1323 3975 vera

272 4014 337 4079 fide
351 4017 388 4079 et
407 4013 476 4077 fixo
498 4032 608 4077 amore
629 4011 666 4075 in
688 4009 807 4091 Deum,
830 4010 871 4076 de
893 4010 1067 4078 dilectione
1089 4012 1321 4098 proximorum,

272 4116 313 4181 de
341 4114 582 4204 gubernatione
613 4112 745 4190 civium,
784 4112 825 4179 de
857 4112 1090 4199 circumspecta
1112 4113 1323 4201 providentie

272 4218 308 4284 in
329 4218 501 4297 subiectos,
525 4217 566 4283 de
587 4216 676 4282 iuste
696 4215 895 4281 liberalitate
917 4237 995 4303 erge
1010 4216 1186 4283 universos
1233 4217 1323 4285 Bene

272 4322 433 4410 siquidem
454 4320 558 4400 novit,
581 4324 621 4385 ut
642 4318 776 4407 gentilis
797 4323 896 4407 poete
917 4320 987 4384 eit:

1335 4394 1476 4461 eamve,

1335 4460 1377 4513 fol.
1392 4466 1447 4515 lat.

433 4484 592 4544 “Parcere
604 4481 747 4584 subiectis
766 4488 798 4543 et
818 4482 969 4544 debellare
990 4484 1160 4563 superbos.”
1336 4528 1411 4593 virg.
1425 4528 1487 4581 ΕΠ,

274 4650 418 4716 Matrem
442 4670 537 4715 suam
561 4646 720 4735 diligebat
745 4652 786 4713 ut
799 4646 978 4729 dominam,
1003 4669 1076 4735 quoe
1104 4671 1138 4716 se
1162 4650 1194 4717 ci
1217 4593 1438 4717 humi-'2⁸⁵⁴'

272 4753 338 4821 lem
359 4751 540 4822 exhibebat
561 4756 720 4839 tunquam
734 4750 907 4819 ancillam:
934 4772 1137 4841 quaecunque
1151 4753 1325 4841 placebant
