3542 5800
464 891 512 940 nr
533 889 649 940 smrra
670 891 790 942 amun
812 891 949 942 sunu—
960 893 994 942 11.
1020 881 1071 944 44.
1228 879 1293 950 177

244 1077 372 1143 diorum
410 1077 454 1142 ad
491 1077 709 1144 conmmenda
746 1077 943 1144 monasteria
980 1079 1136 1146 donaret:
1184 1087 1219 1145 et
1249 1081 1295 1148 sic

244 1202 318 1245 eum
339 1179 534 1267 paucissimo
557 1180 705 1246 exercitu
732 1201 767 1244 se
797 1179 969 1246 eertamini
998 1181 1096 1248 dedit.
1143 1181 1295 1270 Denique

243 1281 347 1346 fertur
376 1282 455 1368 qnia
484 1282 593 1348 tricies
629 1282 786 1346 maiorem
823 1283 944 1370 pagani
981 1282 1168 1350 habuerunt
1202 1305 1294 1352 exer·

243 1383 370 1462 eitum3
400 1384 562 1468 siquidem
587 1383 650 1470 ipsi
679 1383 819 1470 triginta
854 1383 996 1472 legiones
1034 1385 1171 1452 ducibus
1199 1387 1293 1452 nobi-

242 1484 375 1549 limimis
411 1485 588 1551 instructas
624 1485 661 1548 in
698 1485 783 1550 bello
820 1485 1013 1564 habuerunt,
1045 1487 1165 1575 quibus
1202 1488 1293 1554 Oswi

244 1609 304 1651 rex
332 1609 409 1652 eum
437 1587 590 1652 Albfiido
627 1587 696 1652 filio
733 1609 937 1674 perparvum,
974 1594 1015 1654 ut
1052 1589 1131 1666 dixi,
1171 1590 1294 1656 hebens

244 1689 431 1765 exereitum,
462 1689 520 1754 sed
550 1689 682 1756 Christo
719 1690 801 1754 duee
837 1690 976 1757 confisus
1013 1691 1158 1757 obcurrit
1204 1691 1293 1757 Nam

244 1791 327 1856 alius
363 1791 452 1856 filius
488 1791 559 1857 eius
603 1791 759 1878 Egiricius
796 1813 834 1857 eo
870 1799 1017 1879 tempore
1054 1793 1090 1858 in
1127 1794 1295 1881 provincia

246 1892 442 1958 Merciorum
471 1893 560 1979 apud
588 1893 735 1979 reginam
767 1893 964 1979 Kynwisam
991 1895 1083 1960 obses
1112 1895 1294 1960 tenebatur.

246 1993 351 2060 Filius
372 2001 485 2060 autern
501 1995 646 2060 Oswaldi
669 1995 755 2083 regis
770 1995 1019 2074 AEtbelwoldus,
1037 1997 1094 2082 qui
1109 1996 1156 2062 eis
1171 1997 1296 2062 auxilio

245 2118 313 2162 esse
343 2098 509 2173 debuerat,
537 2099 573 2162 in
597 2102 693 2184 parte
718 2103 789 2163 erat
812 2098 1083 2180 adversariorum,
1110 2099 1296 2186 eisdemque

244 2205 359 2265 eontra
387 2201 528 2286 patriam
560 2206 594 2264 et
622 2206 779 2288 patruum
808 2198 915 2265 sunm¹
939 2207 1143 2288 pugnaturus
1180 2201 1297 2268 duetar

245 2302 424 2380 extiterat3
468 2303 619 2387 quamvis
656 2301 693 2366 in
730 2302 800 2388 ipso
838 2307 983 2389 tempore
1020 2304 1189 2390 pugnandi
1227 2324 1294 2370 sese

244 2425 364 2490 pugnae
408 2404 625 2479 subtraxerat,
656 2409 877 2490 eventumque
916 2405 1110 2470 discriminis
1146 2413 1222 2472 tuto
1259 2405 1294 2470 in

244 2505 313 2570 loeo
342 2507 547 2592 expectabat.
602 2505 694 2570 Inito
720 2527 796 2592 ergo
822 2509 999 2572 eertemine
1025 2507 1131 2594 bigati
1157 2511 1234 2573 sunt
1260 2513 1295 2572 et

245 2607 319 2672 eoesi
349 2609 471 2695 pagani
497 2609 595 2673 duees
623 2607 710 2694 regis
738 2607 886 2694 triginta
915 2610 1031 2694 etqui
1064 2609 1107 2674 ed
1132 2609 1293 2674 auxilium

244 2715 404 2774 venerant
427 2732 521 2796 paene
547 2731 659 2774 omnes
684 2708 867 2774 interfecti:
892 2709 1072 2795 inquibus
1097 2707 1296 2775 Athelherue

244 2811 345 2876 frater
364 2813 474 2877 Annae
495 2811 581 2898 regis
603 2810 822 2876 Orientalium
844 2811 1027 2898 Anglorum
1044 2812 1102 2898 qui
1124 2817 1199 2898 post
1221 2833 1295 2876 eum
1308 2828 1428 2881 Meu

1308 2895 1351 2946 the
1362 2896 1430 2947 river

244 2915 405 3002 regnavit,
430 2922 543 2980 auctor
568 2914 637 3000 ipse
663 2913 750 2990 belli,
776 2913 911 3001 perditis
937 2914 1099 2981 militibus
1126 2914 1196 2978 sive
1217 2934 1450 3014 “ux‘winemse.

245 3016 309 3081 iliis
341 3018 558 3102 interemptus
587 3020 644 3081 est.
700 3014 961 3100 interfectusque
988 3021 1038 3080 est
1063 3014 1151 3080 inter
1176 3019 1298 3079 eeteros
1308 3026 1392 3078 math
1402 3028 1432 3079 or

246 3117 359 3185 Penda
378 3140 440 3185 rex
460 3117 687 3204 nequissimus,
703 3117 762 3204 qui
783 3122 835 3182 tot
857 3116 983 3183 nobiles
998 3139 1018 3181 a
1032 3116 1104 3181 vita
1126 3115 1298 3201 temporali
1308 3092 1330 3143 P
1330 3094 1401 3145 ‘¹¹⁶³'

245 3221 399 3306 privarit.
466 3219 514 3284 Et
550 3220 629 3304 quia
673 3241 772 3305 prope
816 3218 958 3283 fluvium
995 3216 1079 3305 qui⁸
1125 3216 1298 3283 Winemed

247 3322 368 3387 dieitur
390 3326 575 3409 pugnatum
596 3328 654 3399 est,
671 3322 729 3408 qui
753 3328 833 3388 tunc
856 3342 925 3408 pree
948 3318 1146 3386 inundantia
1171 3318 1298 3407 pluvia-

245 3447 318 3488 rum
367 3423 435 3489 late
481 3424 611 3488 alveum
657 3445 762 3500 suum,
801 3424 903 3489 immo
940 3444 1052 3488 omnes
1088 3422 1175 3510 ripas
1213 3444 1296 3499 sues,

245 3526 429 3603 transierat,
461 3526 600 3613 contigit
636 3530 676 3590 ut
713 3526 819 3591 multo
854 3525 965 3612 plures
1001 3547 1089 3611 aqua
1125 3524 1295 3612 fugientes,

246 3650 345 3713 quam
373 3627 533 3693 bellantes
563 3628 713 3713 perderet
742 3628 834 3693 ensis
881 3625 982 3692 Unde
1022 3627 1129 3693 exivit
1166 3648 1296 3714 prover-

247 3730 359 3794 bium:
409 3738 426 3764 “
444 3730 486 3794 In
524 3729 698 3795 Winemed
742 3750 838 3794 amne
875 3728 1044 3795 vindicata
1081 3734 1132 3795 est
1168 3727 1418 3795 eaedes³1³roveru

249 3833 364 3909 Annae,
392 3833 496 3897 eredes
520 3853 635 3917 regum
665 3830 776 3897 Sibert
799 3838 835 3896 et
856 3830 991 3907 Enicre,⁴
1021 3832 1124 3897 eaedes
1148 3830 1293 3896 Oswsldi

245 3938 279 3999 et
293 3933 477 3999 Edwini.''⁵

290 4035 382 4102 Tune
410 4056 470 4100 rex
501 4036 599 4114 (levi,
630 4034 726 4101 iuxta
759 4034 849 4121 quod
874 4034 1019 4099 Domino
1048 4038 1196 4111 voverat,
1233 4054 1427 4119 proomfls.

247 4138 365 4205 uallata
386 4136 451 4201 sibi
475 4137 617 4203 victoria
640 4137 765 4226 gratias
795 4134 867 4201 Deo
896 4136 1044 4213 referens,
1073 4134 1164 4200 dedit
1189 4124 1425 4242 fflimimhi'

245 4262 337 4306 suam
368 4262 443 4326 quae
476 4240 546 4305 vix-
566 4244 645 4305 tune
675 4238 773 4303 unius
802 4240 881 4303 anni
917 4242 1051 4303 aetatem
1088 4236 1288 4324 impleverat,
1303 4258 1426 4323 muglw

245 4347 404 4430 Perpetua
427 4342 499 4443 1³9⁰
524 4341 718 4428 virginitate
748 4340 997 4407 consecrandam
1027 4338 1064 4403 in
1093 4325 1449 4405 monastariowthewss·

278 4646 525 4715 ‘nummus
826 4644 955 4710 *esem
974 4644 1173 4711 egressurus
1186 4644 1291 4696 usim.

275 4728 351 4793 'rui
370 4728 444 4793 suot
456 4726 512 4779 MS-
827 4724 963 4790 mesra]
977 4725 1090 4786 navius,
1101 4724 1157 4776 ns.

278 4807 288 4836 ¹
304 4805 392 4872 eudes]
411 4807 487 4866 carde,
498 4806 555 4856 MS.

1177 4896 1202 4946 u
