3542 5800
500 890 547 941 nn
570 890 685 939 caena
708 890 829 939 aucun
852 890 1034 939 suen-ui.
1052 874 1101 943 37.
1263 874 1325 943 147

271 1073 461 1142 AEtbelredo
491 1077 635 1144 multum
680 1077 847 1164 diligebat,
880 1076 1106 1153 venerabatur,
1146 1074 1322 1154 excolebat,

269 1176 305 1241 in
328 1200 395 1263 quo
420 1179 626 1246 desiderabat
652 1180 705 1243 sui
729 1181 838 1266 patrui
866 1201 939 1245 essa
961 1200 1124 1265 reponere.
1172 1178 1321 1263 Cumque

270 1281 413 1346 venisset
436 1304 565 1347 eanum
589 1281 626 1347 in
650 1303 716 1368 quo
736 1283 850 1347 eadem
873 1304 946 1347 ossa
970 1282 1181 1361 ducebantur,
1197 1282 1321 1347 incum-

269 1380 368 1448 bente
391 1404 536 1471 vespera,
560 1385 597 1449 in
623 1385 858 1450 monasteiiinn
881 1384 1066 1471 praefatum,
1085 1386 1262 1450 noluerunt
1284 1406 1323 1449 ea

270 1484 328 1569 qui
357 1493 452 1552 erant
482 1488 518 1551 in
547 1488 747 1553 monasterio
776 1486 918 1551 libenter
948 1488 1116 1573 excipere:
1152 1488 1230 1573 quia
1262 1486 1323 1551 etsi

271 1592 420 1653 sanamn
451 1610 527 1653 eum
552 1594 724 1668 noverant,
752 1589 832 1674 quia
857 1594 970 1655 tamen
996 1590 1037 1654 de
1063 1590 1129 1654 alia
1154 1588 1324 1675 provincie

271 1695 363 1755 ortus
390 1690 507 1769 fieret,
531 1698 566 1757 et
592 1714 689 1779 snper
714 1713 767 1757 eos
790 1713 928 1779 regnum
956 1700 1131 1778 acceperat,
1159 1692 1324 1755 veteranis

271 1815 346 1858 eum
361 1794 447 1859 odiis
462 1796 563 1861 etiam
583 1802 753 1861 mortuum
768 1793 1036 1880 insequebantur.
1085 1792 1185 1859 Unde
1200 1794 1323 1859 factum

270 1900 319 1961 est
349 1902 390 1962 ut
419 1897 492 1985 ipsa
529 1904 625 1964 nocte
656 1898 804 1984 reliquiae
835 1897 945 1963 allatae
976 1898 1055 1961 foris
1085 1899 1322 1983 permanerent,

270 2000 414 2065 tentorio
445 2006 577 2067 tantum
607 2002 731 2067 maiore
761 2021 860 2086 snpra
890 2021 1018 2065 carrum
1046 2000 1082 2063 in
1107 2021 1172 2085 quo
1194 2000 1326 2064 inerant

271 2108 416 2168 extenso.
478 2102 544 2169 Sed
573 2104 722 2169 miraculi
752 2102 893 2168 eoelestis
923 2102 1072 2179 ostensi0,
1105 2124 1204 2189 qnam
1235 2124 1326 2168 reve·

270 2210 380 2271 renter
410 2206 532 2271 eaedem
570 2207 783 2293 suscipiendae
814 2228 835 2270 a
864 2206 989 2271 cunctis
1020 2205 1173 2271 fidelibus
1203 2212 1319 2280 essent,

272 2308 433 2395 patefecit.
488 2308 577 2374 Nam
603 2315 677 2375 tota
706 2331 745 2373 ee
775 2314 871 2373 necte
896 2308 1047 2373 columna
1073 2308 1162 2386 lucis,
1187 2331 1208 2373 a
1233 2330 1324 2374 carro

271 2410 329 2475 illo
352 2412 397 2477 ed
421 2412 541 2477 coelnm
568 2434 673 2498 usqne
699 2416 856 2497 porrecta,
881 2412 1035 2476 omnibus
1062 2432 1155 2497 paene
1179 2412 1323 2477 eiusdem

273 2512 434 2579 Lindissce
482 2514 659 2600 provinciae
705 2512 785 2579 locis
833 2514 1007 2599 conspicue
1046 2515 1162 2579 stabat.
1225 2513 1324 2579 Unde

271 2615 478 2681 manasseto
504 2616 622 2681 fratres
647 2616 838 2681 monasterii
863 2614 961 2693 illius,
985 2616 1042 2701 qui
1072 2618 1176 2703 pridie
1200 2616 1323 2683 abnue-

272 2724 355 2795 rant,
373 2718 551 2805 diligenter
564 2718 629 2805 ipsi
643 2726 754 2805 petere
769 2725 948 2805 coeperunt,
964 2724 1004 2785 ut
1024 2720 1112 2805 apud
1132 2742 1166 2785 se
1181 2717 1322 2786 eaedem¹

273 2828 396 2888 sanctae
427 2842 466 2887 ac
497 2822 570 2887 Deo
608 2821 736 2888 dilectae
773 2821 922 2909 reliquia
952 2822 1179 2888 conderentur.
1242 2822 1325 2887 Lata

273 2925 376 3011 igitur
399 2948 472 2991 ossa
493 2925 678 2991 intulerunt
700 2926 737 2989 in
759 2925 898 3006 thecam,
920 2947 1018 3011 quem
1042 2926 1078 2989 in
1100 2925 1179 2990 bce⁹
1202 2947 1324 3011 praepa-

273 3034 439 3108 taverunt,
470 3035 571 3114 etque
600 3029 638 3092 in
668 3028 802 3093 eeclesia
831 3029 931 3092 iuxta
959 3028 1116 3093 honorem
1142 3049 1324 3114 congruum

273 3134 474 3215 posuerunt:
498 3135 534 3195 et
557 3131 710 3216 attegia
732 3129 797 3196 viri
820 3151 959 3218 persona
979 3129 1168 3194 memoriam
1192 3129 1326 3194 haberet

273 3237 441 3313 aternam,
457 3232 619 3298 vexillum
634 3233 704 3298 eius
726 3253 822 3320 super
844 3232 997 3298 tumbam
1020 3254 1101 3298 aure
1124 3239 1159 3298 et
1181 3255 1326 3320 purpura

273 3335 492 3422 compositum
533 3341 766 3422 apposuerunt,
805 3336 976 3424 ipsamque
1014 3357 1133 3422 aquam
1179 3337 1215 3400 in
1260 3357 1326 3423 qua

273 3435 424 3503 laverant
455 3457 529 3502 ossa
558 3438 595 3502 in
625 3437 747 3526 angulo
784 3439 918 3503 sacrarii
947 3437 1113 3504 fuderunt
1175 3439 1228 3503 Ex
1259 3459 1325 3524 qno

272 3546 419 3627 tempere
443 3539 567 3605 factum
591 3545 650 3621 est,
673 3547 713 3607 ut
735 3540 808 3627 ipse
829 3547 919 3606 terra
938 3562 1012 3627 qnae
1038 3541 1204 3608 lavacrum
1227 3563 1324 3608 vene-

273 3641 377 3707 rabile
414 3643 567 3728 suscepit,
598 3643 641 3708 ad
672 3643 852 3730 abigendos
886 3666 928 3709 ex
963 3644 1100 3710 obsessis
1137 3645 1325 3732 corporibus

274 3745 438 3811 damonae
460 3745 579 3833 gratiae
600 3745 754 3811 salutaris
776 3745 913 3811 baberet
936 3747 1097 3813 effectunn
1350 3827 1353 3834 ι

317 3847 471 3934 Denique
500 3853 647 3933 tempore
677 3853 843 3934 sequente,
871 3870 945 3914 cum
975 3849 1114 3934 praefata
1143 3849 1257 3934 regine
1287 3850 1321 3914 in
1335 3851 1391 3902 The
1408 3852 1496 3928 auten

273 3951 388 4016 eodem
428 3949 630 4015 monasterio
670 3955 863 4026 moreretur,
902 3951 996 4015 venit
1033 3952 1076 4016 ad
1114 3948 1322 4015 salutandam
1334 3917 1498 3970 ΜΘΝ

274 4075 344 4119 eam
361 4052 532 4118 abbatisse
546 4051 699 4137 quaedem
714 4053 920 4130 venerabilis,
936 4052 1096 4117 vocabule
1111 4051 1323 4130 AEthelhilda

273 4175 363 4220 soror
409 4155 558 4219 virorum
606 4159 794 4220 sanctorum
843 4153 1038 4220 AEthelwini
1085 4159 1121 4219 et
1165 4153 1325 4236 Aidwini,

275 4277 414 4342 quorum
444 4256 536 4342 prior
565 4257 735 4345 episcopus
765 4257 802 4321 in
833 4257 976 4322 Lindissi
1006 4256 1183 4344 provincis,
1214 4281 1327 4325 sccun-

274 4359 334 4424 dus
356 4366 429 4425 enet
453 4360 557 4426 abbas
580 4360 617 4424 in
639 4359 840 4426 monasterio
861 4361 949 4447 quod
972 4365 1111 4426 vocatur
1133 4361 1327 4449 Partaneye,

276 4730 316 4858 ἤι’
325 4731 427 4858 Ιιῖεᾱιιιι]
446 4733 539 4796 edem,
562 4732 619 4786 ns,
654 4733 702 4787 see
718 4735 780 4787 seu
847 4737 925 4803 ²1·oe]
938 4737 994 4800 naa
1006 4735 1076 4799 us.;
1094 4738 1150 4800 noe,
1165 4739 1225 4788 nee.

1152 4903 1220 4965 u2
