3542 5800
489 868 554 935 290
751 884 818 937 mo.
841 885 889 936 or
911 883 1046 936 emano.
1069 883 1157 938 erse.
1180 885 1266 940 mer.

488 1081 670 1168 patiamini,
706 1081 771 1147 viri
807 1080 918 1161 fortes,
951 1081 1038 1146 hano
1072 1080 1166 1146 vobis
1200 1080 1327 1148 illatam
1366 1085 1533 1148 oontume·

487 1185 566 1250 liose
587 1183 763 1249 iniuriamz
787 1183 962 1270 opprobrio
983 1183 1197 1270 deputabitur
1217 1189 1350 1264 aeterno,
1367 1187 1534 1251 extraneae

487 1288 597 1374 gentis
626 1287 663 1352 in
685 1307 745 1352 vos
775 1287 925 1374 excipere
956 1286 1168 1374 disciplinam.
1226 1287 1291 1368 Qui
1314 1289 1396 1368 vult,
1426 1288 1533 1354 vindi-

486 1396 618 1457 caturus
657 1410 752 1456 omne
789 1411 893 1477 genus
929 1395 1080 1456 nostrum
1116 1392 1257 1470 medat,
1291 1412 1407 1478 meque
1439 1391 1532 1478 large

486 1515 587 1559 manu
608 1493 762 1580 pecunias
791 1492 939 1560 infinitas
969 1499 1123 1594 erogante
1150 1494 1287 1581 praemia
1308 1495 1434 1562 meritis
1456 1517 1532 1562 oon-

487 1597 598 1684 digna,
635 1618 710 1684 quae
746 1597 790 1662 ad
833 1617 894 1661 sua
931 1617 1042 1664 seeum
1082 1602 1236 1684 reportet,
1274 1597 1422 1686 aooipiat.
1489 1596 1532 1664 In
1629 1592 1635 1602 '
1769 1563 1770 1580 ,

485 1705 620 1767 tantum
656 1699 746 1766 enim
774 1721 833 1786 per
861 1719 998 1766 menum
1033 1700 1267 1788 apprehendat,
1289 1707 1325 1768 et
1354 1700 1533 1789 prudenter

483 1806 521 1870 in
550 1803 733 1870 triclinium
770 1823 880 1870 meum
917 1823 1027 1890 regem
1060 1803 1293 1891 inprudentem
1336 1810 1378 1870 ut
1408 1805 1532 1870 amiens

485 1908 642 1985 inducam
682 1907 912 1994 ingressusque
935 1927 1010 1971 oum
1040 1906 1140 1972 firerit
1170 1905 1380 1988 domicilium,
1409 1905 1526 1974 mortis

487 2031 531 2076 ex
567 2011 709 2098 abrupto
745 2011 893 2097 patietur
930 2008 1157 2096 supplicium!³
1203 2009 1339 2076 Prosilit
1371 2010 1485 2076 statim
1517 2032 1535 2076 e

486 2115 594 2180 medio
626 2113 849 2194 Gwinbertus,
876 2112 974 2178 homo
1003 2113 1221 2200 malignitatis
1250 2113 1369 2202 spiritu
1399 2113 1530 2180 inflam-

485 2223 603 2296 matus,
626 2217 885 2303 urgentibusque
911 2215 1055 2282 ardentis
1077 2217 1226 2284 avaritias
1257 2217 1400 2284 stimulis
1423 2218 1529 2305 agite·

485 2328 549 2400 tus,
582 2319 761 2398 “Assum''
790 2320 910 2406 inquit,
944 2326 961 2356 “
972 2319 1109 2408 gloriose
1134 2343 1202 2399 rex,
1235 2321 1264 2388 si
1292 2321 1353 2402 vis,
1383 2321 1530 2388 facturus

490 2424 577 2510 quod
600 2422 761 2511 praeoipis,
785 2428 975 2509 aoeepturus
999 2427 1110 2488 autem
1138 2422 1226 2508 quod
1249 2424 1423 2511 promittis,
1449 2445 1530 2510 quo·

482 2527 574 2593 niam
611 2526 648 2591 in
684 2526 805 2612 populo'
841 2527 947 2592 totius
986 2526 1080 2613 regni
1117 2525 1169 2590 tui
1206 2526 1370 2592 neminem
1407 2527 1529 2614 poteris

481 2630 632 2717 reperire,
656 2649 753 2716 quem
775 2628 819 2693 ad
848 2627 909 2694 hoo
939 2628 1166 2715 exequendum
1197 2629 1363 2716 negotium
1395 2629 1529 2696 liberius

482 2735 525 2800 ad
546 2739 581 2798 te
604 2753 704 2819 queas
726 2753 895 2798 arcessere.
942 2731 983 2796 In
1007 2733 1103 2798 domo
1126 2733 1250 2798 etenim
1272 2732 1375 2818 patris
1397 2733 1448 2798 sui
1470 2753 1530 2820 per

482 2837 667 2925 quindecim
705 2856 867 2901 annorum
904 2839 1052 2923 tempora
1098 2834 1187 2901 altus
1231 2821 1330 2922 a'tque
1373 2835 1529 2903 educatus

481 2941 650 3007 moraliter
680 2939 787 3016 extiti,
812 2943 846 3004 et
878 2944 954 3025 post
982 2943 1121 3005 mortem
1148 2937 1331 3004 AEthelredi
1360 2938 1429 3005 filio
1458 2940 1529 3005 eius

482 3044 687 3110 AEthelberto
710 3042 866 3128 obsequio
887 3046 1028 3107 strenua
1048 3041 1225 3126 probitatis
1248 3042 1376 3107 adhaesi.
1420 3040 1527 3107 Nemo

481 3170 639 3235 umquam
676 3146 706 3210 ei
743 3144 942 3223 familiarior,
973 3166 1070 3209 nemo
1100 3143 1235 3209 amicior
1271 3144 1344 3221 fuit,
1376 3144 1527 3231 solusque

481 3272 540 3338 ego
578 3249 723 3315 maxime
760 3248 848 3312 votis
885 3246 975 3311 illius
1018 3246 1221 3313 concordavi.
1283 3246 1356 3327 Quo
1394 3248 1527 3313 maioris

480 3358 574 3418 erant
611 3352 710 3439 pretii
747 3350 907 3437 regalium
953 3351 1113 3416 donorum
1151 3349 1302 3437 insignia,
1341 3371 1406 3436 quo
1444 3372 1526 3437 prae-

480 3454 618 3520 olariora
666 3452 867 3520 videbantur
920 3453 1100 3520 consularis
1155 3452 1268 3540 gloria
1322 3459 1524 3533 ornamenta,

481 3560 605 3641 quanto
657 3556 762 3643 magis
814 3556 1085 3643 appretiabantur
1134 3556 1353 3641 cuiuscunque
1397 3557 1526 3642 generis

480 3682 618 3726 munera
640 3659 782 3737 meliora,
804 3659 905 3740 anuli,
933 3660 1078 3735 armillae,
1102 3660 1227 3745 lapides
1248 3658 1391 3745 pretiosi,
1414 3660 1525 3726 serioae

480 3770 596 3840 vestes,
627 3783 708 3830 auro
739 3767 774 3829 et
803 3767 940 3849 argento
976 3762 1144 3829 radiantes
1182 3782 1272 3829 enses
1302 3766 1336 3827 et
1366 3762 1460 3850 olipei
1491 3768 1526 3829 et

479 3870 634 3957 pleraque
675 3866 896 3932 instrumenta
939 3864 1092 3931 militaris
1136 3865 1270 3952 negotii,
1309 3868 1405 3931 tento
1442 3866 1526 3933 mihi

479 3972 659 4039 instantius
689 3970 732 4035 ab
761 3969 819 4035 illo
849 3972 944 4035 erant
974 3968 1091 4047 oblata,
1122 3968 1256 4033 tametsi
1286 3969 1396 4033 animo
1429 3968 1524 4055 plura

479 4076 663 4164 appetentis
697 4078 852 4140 recusata
899 4072 1069 4138 Postremo
1102 4070 1197 4136 saetis
1231 4075 1266 4135 et
1296 4071 1462 4137 seditione
1489 4080 1524 4139 ot

477 4179 654 4245 homicidio
684 4176 721 4241 in
749 4177 859 4264 patria
890 4175 1004 4261 aufugi
1034 4174 1078 4240 ad
1108 4179 1143 4239 te
1169 4174 1206 4239 in
1228 4178 1318 4240 terra
1339 4173 1466 4257 aliena;
1488 4180 1523 4242 et

479 4304 558 4360 eece,
597 4281 675 4367 quia
711 4280 817 4368 magis
853 4278 990 4346 confidit
1035 4278 1072 4342 in
1108 4298 1161 4343 me
1199 4298 1298 4363 quam
1335 4277 1371 4341 in
1408 4280 1522 4345 ceteris

477 4385 618 4449 fortibus
655 4384 736 4451 viris
772 4382 932 4470 potentiae
969 4386 1046 4458 tuae,
1080 4384 1215 4467 propter
1244 4401 1362 4445 aurum
1393 4400 1451 4466 per
1486 4386 1523 4448 te

476 4486 557 4553 mihi
595 4487 724 4574 eopiosa
759 4506 860 4551 manu
898 4487 1181 4571 recompensatum
1218 4487 1317 4571 eaput
1355 4482 1426 4549 eius
1456 4484 1520 4550 tibi

475 4591 568 4656 oedet
597 4590 633 4653 in
666 4587 867 4676 praemium.'’
912 4588 1055 4674 Accepta
1077 4592 1189 4652 autem
1212 4585 1350 4673 pecunia
1371 4586 1521 4673 proditor

474 4695 638 4759 infaustus
683 4692 798 4769 exivit,
845 4695 879 4758 et
924 4691 1134 4779 iniquitatem
1183 4712 1282 4775 quam
1328 4696 1521 4778 oenoeperat

474 4796 660 4884 expeditius
684 4794 760 4881 egit.
