3542 5800
451 808 492 869 16
716 818 783 867 ruo.
808 818 855 865 nu
877 817 1010 866 munuc.
1034 817 1121 865 seno.
1145 817 1230 873 mur.

281 1103 372 1153 Mum·
486 1142 492 1151 .
880 1058 959 1125 Gar.
984 1056 1062 1123 VII.

281 1170 386 1298 m}
447 1188 500 1255 De
531 1196 635 1255 morte
673 1190 876 1257 thiawrii
907 1191 997 1276 reqis
1030 1189 1229 1267 Britauam,
1268 1195 1297 1255 et
1335 1190 1498 1274 quouwdo

281 1300 320 1351 ct
331 1302 396 1365 Bag.
501 1291 724 1376 thiyeraue
756 1299 922 1357 revocaret
959 1290 1178 1375 Heuye'stum,
1217 1298 1257 1357 ut
1288 1290 1417 1357 veniret
1454 1291 1497 1355 ia

281 1366 370 1513 yffi}
493 1391 731 1457 notatarium.

280 1541 418 1595 Antea
494 1535 599 1600 Auso
634 1537 751 1621 gratiae
788 1535 1109 1621 quadringentesimo
1150 1534 1350 1621 sexagesimo
1387 1535 1498 1600 Vorti-

280 1608 417 1727 ssfflm‘ssss
448 1637 569 1700 merius
597 1658 658 1700 rex
688 1637 861 1701 Britonum
900 1637 1073 1701 defunctus
1103 1640 1161 1713 est,
1192 1658 1265 1701 oum
1297 1657 1362 1721 quo
1399 1636 1496 1701 simul

448 1758 521 1822 spes
561 1743 595 1802 et
631 1737 770 1803 victoria
822 1738 1057 1803 Britannorum
1096 1744 1145 1802 est
1184 1738 1339 1803 extincta
1422 1738 1495 1816 Quo

348 1906 354 1919 ,
449 1838 602 1903 destructo
617 1839 709 1905 misit
722 1838 940 1924 Vortigernus
957 1839 1115 1904 instinctu
1135 1839 1247 1903 uxoris
1265 1861 1332 1905 suae
1351 1840 1497 1903 Ronwen

279 1904 436 2024 fflqffi,
447 1938 483 2002 in
498 1940 708 2005 Germaniam
729 1946 862 2026 propter
885 1939 1093 2025 Hengistum,
1113 1946 1152 2005 ut
1169 1942 1298 2005 veniret
1312 1941 1348 2003 in
1364 1940 1495 2005 Britan-

280 2036 337 2100 εἰη
447 2040 536 2104 niam
565 2041 723 2125 privatim
759 2046 794 2105 et
830 2062 905 2105 eum
943 2042 1062 2126 paucis,
1092 2060 1143 2120 ne,
1174 2042 1202 2106 si
1231 2042 1329 2106 aliter
1357 2042 1493 2117 veniret,

448 2141 779 2206 BrItoueseommuni
793 2142 909 2229 inpetu
924 2143 954 2206 ei
970 2143 1150 2207 obviarent.

279 2374 383 2492 wli
871 2372 949 2439 CAP.
973 2372 1071 2439 VIII.

280 2513 389 2637 gtlssgk
648 2507 838 2593 Heaqieiue
860 2509 968 2575 rediit
991 2510 1034 2574 iu
1056 2508 1293 2575 Britanniam.

278 2636 369 2766 W
491 2664 596 2730 Asso
632 2665 748 2753 gratiae
784 2665 1102 2752 quadringentesimo
1148 2667 1348 2753 sexagesimo
1387 2666 1492 2751 primo

278 2741 360 2883 {quui
448 2766 638 2853 Hengistus,
655 2768 768 2833 audito
794 2768 888 2832 obitu
913 2768 1112 2844 Vortimerii,
1128 2788 1202 2831 eum
1228 2768 1334 2831 tribus
1360 2768 1492 2831 milibus

279 2852 417 2962 ,flgfniq
446 2875 646 2934 armatorum
683 2869 746 2934 sibi
783 2868 912 2936 sociatis
941 2869 977 2932 in
1007 2868 1213 2960 Britanniam
1251 2874 1300 2934 est
1337 2890 1491 2934 reversus.

277 2993 417 3044 Retumor
446 2969 512 3035 Sed
536 2993 610 3036 eum
633 2976 737 3036 tautae
760 2969 983 3034 multitudinis
1009 2971 1169 3035 adventus
1184 2971 1381 3056 vortigerno
1405 2969 1493 3056 prin-

277 3059 401 3178 ii‘ssffi
445 3071 634 3157 cipibusque
654 3071 748 3158 regui
770 3071 943 3136 nuntiatus
966 3070 1088 3150 fuisset,
1113 3071 1275 3156 indignati
1298 3077 1376 3135 sunt
1396 3071 1491 3136 valde

338 3164 345 3178 ’
407 3165 414 3179 ’
444 3179 478 3236 et
493 3174 733 3238 constituerunt
752 3194 827 3236 eum
843 3172 908 3236 illis
925 3171 1074 3258 praelimi.
1120 3171 1216 3250 Quod
1238 3193 1312 3236 oum
1329 3170 1492 3257 Hengisto

443 3272 512 3336 filia
555 3295 615 3336 sua
650 3295 709 3357 per
745 3273 966 3337 internuntios
1008 3273 1090 3336 elam
1136 3271 1315 3349 iudieasset,
1358 3279 1490 3357 gentem

443 3373 561 3458 patriae
599 3372 660 3436 sub
698 3373 801 3457 speeie
841 3373 928 3457 pacis
963 3373 1097 3458 perdere
1131 3373 1297 3458 cogitavit,
1337 3371 1491 3456 misitque

443 3473 566 3558 legatos
592 3473 635 3536 ad
659 3493 777 3557 regem,
802 3472 912 3537 dieens
937 3495 971 3536 se
1001 3493 1067 3537 non
1093 3477 1223 3537 tantam
1246 3471 1490 3537 multitudinem

444 3573 642 3649 conduxisse,
673 3577 713 3637 ut
741 3572 795 3638 vel
825 3573 888 3637 sibi
921 3573 974 3637 vel
1010 3593 1111 3659 regno
1148 3567 1291 3657 aliquam
1329 3573 1491 3659 ingereret

443 3673 657 3738 violentiam:
688 3673 745 3738 sed
768 3674 954 3739 {estimabat
979 3673 1215 3739 Vortimerium
1242 3672 1349 3737 adhue
1371 3673 1489 3750 vivere,

444 3797 542 3860 quem
575 3775 803 3860 superomnia
832 3775 985 3861 cupiebat
1008 3796 1202 3861 expugnare.
1249 3772 1314 3838 Sed
1338 3775 1489 3858 quoniam

443 3897 531 3941 nune
566 3875 673 3961 ipsum
710 3897 778 3940 esse
815 3875 1005 3941 defunctum
1042 3897 1109 3940 non
1146 3874 1327 3952 haesitabat
1358 3895 1427 3938 sese
1457 3879 1490 3938 et

443 3977 599 4063 populum
628 3998 724 4040 suum
754 3975 959 4061 dispositioni
988 3997 1055 4041 suae
1084 3975 1319 4054 committebat,
1344 3979 1383 4038 ut
1409 3995 1490 4060 quos

442 4083 573 4162 optaret
597 4077 632 4140 iu
658 4097 759 4161 regno
789 4076 987 4156 retinuisset,
1013 4081 1047 4140 et
1071 4075 1192 4140 residui
1218 4076 1253 4139 in
1281 4076 1489 4140 Germaniam

440 4176 518 4241 vela
553 4183 786 4262 retorquerent
844 4177 993 4264 Cumque
1030 4175 1111 4240 talia
1143 4176 1214 4261 regi
1249 4176 1488 4254 nuntiarentur,

442 4297 569 4341 necnon
597 4282 632 4342 et
661 4276 730 4340 dies
759 4283 794 4341 et
822 4277 911 4341 loeus
940 4283 979 4342 ut
1009 4276 1079 4341 haee
1104 4277 1313 4342 firmarentur
1340 4278 1379 4342 de
1406 4299 1491 4341 eom-

443 4378 534 4441 muni
560 4397 717 4442 consensu
741 4377 972 4463 praefigeretur,
1003 4378 1097 4442 iussit
1122 4399 1182 4441 rex
1208 4399 1319 4442 omnes
1345 4377 1490 4442 Senones

444 4478 602 4543 Kalendis
633 4477 716 4541 Maii
738 4477 775 4540 in
798 4499 882 4564 pago
909 4478 1076 4542 Ambrosii
1099 4480 1279 4556 convenire,
1304 4485 1344 4543 ut
1367 4477 1488 4543 ibidem

443 4578 598 4664 praedicta
619 4578 836 4642 firmarentur.
882 4579 1042 4666 Praeoepit
1066 4585 1178 4644 autem
1202 4579 1384 4665 Hengistus
1406 4600 1490 4643 eom-

442 4678 645 4743 militonibus
672 4679 747 4756 suis,
770 4685 809 4743 ut
831 4680 1055 4765 unusquisque
1078 4681 1212 4766 longum
1241 4680 1381 4745 cultrum
1405 4678 1491 4744 infra
