<?xml version="1.0" encoding="UTF-8"?>
<!DOCTYPE html PUBLIC "-//W3C//DTD XHTML 1.0 Transitional//EN"
    "http://www.w3.org/TR/xhtml1/DTD/xhtml1-transitional.dtd">
<html xmlns="http://www.w3.org/1999/xhtml" xml:lang="en" lang="en">
 <head>
  <title>
</title>
<meta http-equiv="Content-Type" content="text/html;charset=utf-8" />
  <meta name='ocr-system' content='tesseract 3.04.00' />
  <meta name='ocr-capabilities' content='ocr_page ocr_carea ocr_par ocr_line ocrx_word'/>
</head>
<body>
  <div class='ocr_page' id='page_1' title='image "./speculumhistori01mayogoog_0193.png"; bbox 0 0 3542 5800; ppageno 0'>
   <div class='ocr_carea' id='block_1_1' title="bbox 484 830 1258 902">
    <p class='ocr_par' dir='ltr' id='par_1_1' title="bbox 484 830 1258 902">
     <span class='ocr_line' id='line_1_1' title="bbox 484 830 1258 902; baseline 0.005 -7"><span class='ocrx_word' id='word_1_1' title='bbox 484 830 549 902; x_wconf 84' lang='lat'><strong>178</strong></span> <span class='ocrx_word' id='word_1_2' title='bbox 751 848 814 896; x_wconf 83' lang='lat' dir='ltr'><strong>rue.</strong></span> <span class='ocrx_word' id='word_1_3' title='bbox 839 846 885 896; x_wconf 85' lang='lat' dir='ltr'><strong>nn</strong></span> <span class='ocrx_word' id='word_1_4' title='bbox 908 847 1039 896; x_wconf 79' lang='lat' dir='ltr'><strong>crunno.</strong></span> <span class='ocrx_word' id='word_1_5' title='bbox 1063 849 1149 898; x_wconf 77' lang='lat' dir='ltr'><strong>sene.</strong></span> <span class='ocrx_word' id='word_1_6' title='bbox 1173 851 1258 899; x_wconf 80' lang='lat' dir='ltr'><strong>men</strong></span> 
     </span>
    </p>
   </div>
   <div class='ocr_carea' id='block_1_2' title="bbox 315 1033 1526 1222">
    <p class='ocr_par' dir='ltr' id='par_1_2' title="bbox 315 1033 1526 1222">
     <span class='ocr_line' id='line_1_2' title="bbox 315 1033 1526 1172; baseline 0 -74"><span class='ocrx_word' id='word_1_7' title='bbox 315 1038 452 1172; x_wconf 46' lang='lat' dir='ltr'><strong>ffenrttgye</strong></span> <span class='ocrx_word' id='word_1_8' title='bbox 481 1034 569 1119; x_wconf 89' lang='lat' dir='ltr'><strong>quod</strong></span> <span class='ocrx_word' id='word_1_9' title='bbox 599 1033 792 1119; x_wconf 84' lang='lat' dir='ltr'><strong>Herteeeye,</strong></span> <span class='ocrx_word' id='word_1_10' title='bbox 822 1033 944 1112; x_wconf 89' lang='lat' dir='ltr'><strong>idest,</strong></span> <span class='ocrx_word' id='word_1_11' title='bbox 970 1034 1084 1098; x_wconf 78' lang='lat' dir='ltr'>Insula</span> <span class='ocrx_word' id='word_1_12' title='bbox 1107 1035 1206 1100; x_wconf 80' lang='lat' dir='ltr'><strong>Cervi</strong></span> <span class='ocrx_word' id='word_1_13' title='bbox 1232 1037 1449 1122; x_wconf 83' lang='lat' dir='ltr'><strong>nuncupetur,</strong></span> <span class='ocrx_word' id='word_1_14' title='bbox 1473 1034 1526 1099; x_wconf 87' lang='lat' dir='ltr'><strong>cui</strong></span> 
     </span>
     <span class='ocr_line' id='line_1_3' title="bbox 453 1134 1526 1222; baseline -0.002 -22"><span class='ocrx_word' id='word_1_15' title='bbox 453 1140 560 1201; x_wconf 84' lang='lat' dir='ltr'><strong>’tunc</strong></span> <span class='ocrx_word' id='word_1_16' title='bbox 585 1140 699 1201; x_wconf 84' lang='lat' dir='ltr'><strong>sencte</strong></span> <span class='ocrx_word' id='word_1_17' title='bbox 723 1134 829 1200; x_wconf 85' lang='lat' dir='ltr'><strong>Hilde</strong></span> <span class='ocrx_word' id='word_1_18' title='bbox 850 1136 985 1221; x_wconf 80' lang='lat' dir='ltr'><strong>praefuit</strong></span> <span class='ocrx_word' id='word_1_19' title='bbox 1005 1135 1179 1202; x_wconf 79' lang='lat' dir='ltr'><strong>abbatisse</strong></span> <span class='ocrx_word' id='word_1_20' title='bbox 1226 1137 1375 1202; x_wconf 86' lang='lat' dir='ltr'><strong>Donovit</strong></span> <span class='ocrx_word' id='word_1_21' title='bbox 1395 1137 1526 1222; x_wconf 85' lang='lat' dir='ltr'>insuper</span> 
     </span>
    </p>
   </div>
   <div class='ocr_carea' id='block_1_3' title="bbox 290 1237 1526 4069">
    <p class='ocr_par' dir='ltr' id='par_1_3' title="bbox 290 1237 1526 4069">
     <span class='ocr_line' id='line_1_4' title="bbox 478 1237 1526 1322; baseline -0.002 -19"><span class='ocrx_word' id='word_1_22' title='bbox 478 1257 539 1303; x_wconf 88' lang='lat' dir='ltr'><strong>rex</strong></span> <span class='ocrx_word' id='word_1_23' title='bbox 554 1237 646 1302; x_wconf 80' lang='lat' dir='ltr'><strong>Oswi</strong></span> <span class='ocrx_word' id='word_1_24' title='bbox 667 1237 838 1302; x_wconf 79' lang='lat' dir='ltr'><strong>duodecim</strong></span> <span class='ocrx_word' id='word_1_25' title='bbox 860 1237 1134 1322; x_wconf 77' lang='lat' dir='ltr'><strong>possessiunculas</strong></span> <span class='ocrx_word' id='word_1_26' title='bbox 1155 1243 1325 1316; x_wconf 83' lang='lat' dir='ltr'><strong>terrerum,</strong></span> <span class='ocrx_word' id='word_1_27' title='bbox 1349 1239 1385 1302; x_wconf 90' lang='lat' dir='ltr'><strong>in</strong></span> <span class='ocrx_word' id='word_1_28' title='bbox 1408 1237 1526 1322; x_wconf 89' lang='lat' dir='ltr'><strong>quibus</strong></span> 
     </span>
     <span class='ocr_line' id='line_1_5' title="bbox 477 1338 1525 1418; baseline 0 -15"><span class='ocrx_word' id='word_1_29' title='bbox 477 1338 589 1404; x_wconf 79' lang='lat' dir='ltr'><strong>ableto</strong></span> <span class='ocrx_word' id='word_1_30' title='bbox 607 1341 718 1405; x_wconf 86' lang='lat' dir='ltr'><strong>studio</strong></span> <span class='ocrx_word' id='word_1_31' title='bbox 737 1339 868 1405; x_wconf 89' lang='lat' dir='ltr'><strong>militiee</strong></span> <span class='ocrx_word' id='word_1_32' title='bbox 889 1341 1061 1418; x_wconf 87' lang='lat' dir='ltr'><strong>terrestris,</strong></span> <span class='ocrx_word' id='word_1_33' title='bbox 1078 1341 1122 1406; x_wconf 87' lang='lat' dir='ltr'><strong>ed</strong></span> <span class='ocrx_word' id='word_1_34' title='bbox 1142 1342 1356 1407; x_wconf 82' lang='lat' dir='ltr'><strong>exercendem</strong></span> <span class='ocrx_word' id='word_1_35' title='bbox 1371 1340 1525 1405; x_wconf 79' lang='lat' dir='ltr'><strong>militiam</strong></span> 
     </span>
     <span class='ocr_line' id='line_1_6' title="bbox 475 1441 1524 1529; baseline -0.001 -23"><span class='ocrx_word' id='word_1_36' title='bbox 475 1441 641 1507; x_wconf 85' lang='lat' dir='ltr'><strong>ooelestem</strong></span> <span class='ocrx_word' id='word_1_37' title='bbox 664 1441 978 1528; x_wconf 78' lang='lat' dir='ltr'><strong>supplicandumque</strong></span> <span class='ocrx_word' id='word_1_38' title='bbox 1001 1463 1060 1528; x_wconf 91' lang='lat' dir='ltr'><strong>pro</strong></span> <span class='ocrx_word' id='word_1_39' title='bbox 1083 1463 1160 1528; x_wconf 83' lang='lat' dir='ltr'><strong>pace</strong></span> <span class='ocrx_word' id='word_1_40' title='bbox 1178 1443 1286 1529; x_wconf 80' lang='lat' dir='ltr'><strong>gentis</strong></span> <span class='ocrx_word' id='word_1_41' title='bbox 1310 1449 1433 1508; x_wconf 78' lang='lat' dir='ltr'><strong>eeteros</strong></span> <span class='ocrx_word' id='word_1_42' title='bbox 1447 1441 1524 1518; x_wconf 89' lang='lat' dir='ltr'><strong>eius,</strong></span> 
     </span>
     <span class='ocr_line' id='line_1_7' title="bbox 475 1542 1526 1628; baseline 0.002 -22"><span class='ocrx_word' id='word_1_43' title='bbox 475 1542 645 1608; x_wconf 86' lang='lat' dir='ltr'><strong>devotioni</strong></span> <span class='ocrx_word' id='word_1_44' title='bbox 673 1543 796 1608; x_wconf 81' lang='lat' dir='ltr'><strong>eedulae</strong></span> <span class='ocrx_word' id='word_1_45' title='bbox 825 1543 1059 1608; x_wconf 76' lang='lat' dir='ltr'><strong>monachorum</strong></span> <span class='ocrx_word' id='word_1_46' title='bbox 1089 1545 1178 1609; x_wconf 89' lang='lat' dir='ltr'><strong>locus</strong></span> <span class='ocrx_word' id='word_1_47' title='bbox 1210 1544 1415 1628; x_wconf 76' lang='lat' dir='ltr'><strong>facultasque</strong></span> <span class='ocrx_word' id='word_1_48' title='bbox 1451 1566 1526 1628; x_wconf 87' lang='lat' dir='ltr'><strong>sup·</strong></span> 
     </span>
     <span class='ocr_line' id='line_1_8' title="bbox 474 1645 1524 1732; baseline 0 -22"><span class='ocrx_word' id='word_1_49' title='bbox 474 1649 609 1730; x_wconf 87' lang='lat' dir='ltr'><strong>peteret</strong></span> <span class='ocrx_word' id='word_1_50' title='bbox 654 1645 683 1708; x_wconf 83' lang='lat' dir='ltr'><strong>E</strong></span> <span class='ocrx_word' id='word_1_51' title='bbox 706 1645 826 1730; x_wconf 87' lang='lat' dir='ltr'><strong>quibus</strong></span> <span class='ocrx_word' id='word_1_52' title='bbox 847 1645 1002 1711; x_wconf 84' lang='lat' dir='ltr'><strong>videlicet</strong></span> <span class='ocrx_word' id='word_1_53' title='bbox 1021 1645 1286 1732; x_wconf 78' lang='lat' dir='ltr'><strong>possessiunculis</strong></span> <span class='ocrx_word' id='word_1_54' title='bbox 1308 1667 1366 1711; x_wconf 84' lang='lat' dir='ltr'><strong>sex</strong></span> <span class='ocrx_word' id='word_1_55' title='bbox 1390 1646 1426 1710; x_wconf 93' lang='lat' dir='ltr'><strong>in</strong></span> <span class='ocrx_word' id='word_1_56' title='bbox 1451 1667 1524 1730; x_wconf 88' lang='lat' dir='ltr'><strong>pro-</strong></span> 
     </span>
     <span class='ocr_line' id='line_1_9' title="bbox 472 1746 1522 1832; baseline 0 -22"><span class='ocrx_word' id='word_1_57' title='bbox 472 1747 584 1813; x_wconf 83' lang='lat' dir='ltr'><strong>vincie</strong></span> <span class='ocrx_word' id='word_1_58' title='bbox 598 1746 782 1824; x_wconf 89' lang='lat' dir='ltr'><strong>Deircrum,</strong></span> <span class='ocrx_word' id='word_1_59' title='bbox 802 1752 837 1811; x_wconf 90' lang='lat' dir='ltr'><strong>et</strong></span> <span class='ocrx_word' id='word_1_60' title='bbox 856 1768 915 1812; x_wconf 87' lang='lat' dir='ltr'><strong>sex</strong></span> <span class='ocrx_word' id='word_1_61' title='bbox 937 1747 972 1810; x_wconf 89' lang='lat' dir='ltr'><strong>in</strong></span> <span class='ocrx_word' id='word_1_62' title='bbox 992 1747 1159 1832; x_wconf 88' lang='lat' dir='ltr'><strong>provincie</strong></span> <span class='ocrx_word' id='word_1_63' title='bbox 1174 1748 1399 1814; x_wconf 88' lang='lat' dir='ltr'><strong>Berniciorum</strong></span> <span class='ocrx_word' id='word_1_64' title='bbox 1423 1747 1522 1811; x_wconf 90' lang='lat' dir='ltr'><strong>dedit.</strong></span> 
     </span>
     <span class='ocr_line' id='line_1_10' title="bbox 473 1845 1523 1934; baseline -0.001 -22"><span class='ocrx_word' id='word_1_65' title='bbox 473 1845 621 1934; x_wconf 69' lang='lat' dir='ltr'><strong>Singulae</strong></span> <span class='ocrx_word' id='word_1_66' title='bbox 646 1869 725 1912; x_wconf 85' lang='lat' dir='ltr'><strong>vero</strong></span> <span class='ocrx_word' id='word_1_67' title='bbox 754 1847 970 1934; x_wconf 75' lang='lat' dir='ltr'><strong>possessiones</strong></span> <span class='ocrx_word' id='word_1_68' title='bbox 995 1849 1103 1914; x_wconf 89' lang='lat' dir='ltr'><strong>decem</strong></span> <span class='ocrx_word' id='word_1_69' title='bbox 1135 1853 1229 1914; x_wconf 87' lang='lat' dir='ltr'><strong>erent</strong></span> <span class='ocrx_word' id='word_1_70' title='bbox 1255 1848 1461 1925; x_wconf 75' lang='lat' dir='ltr'><strong>familiarum,</strong></span> <span class='ocrx_word' id='word_1_71' title='bbox 1487 1847 1523 1912; x_wconf 92' lang='lat' dir='ltr'><strong>id</strong></span> 
     </span>
     <span class='ocr_line' id='line_1_11' title="bbox 472 1948 1522 2035; baseline 0 -21"><span class='ocrx_word' id='word_1_72' title='bbox 472 1955 530 2027; x_wconf 87' lang='lat' dir='ltr'><strong>est,</strong></span> <span class='ocrx_word' id='word_1_73' title='bbox 542 1948 641 2015; x_wconf 88' lang='lat' dir='ltr'><strong>simul</strong></span> <span class='ocrx_word' id='word_1_74' title='bbox 666 1970 778 2014; x_wconf 88' lang='lat' dir='ltr'><strong>omnes</strong></span> <span class='ocrx_word' id='word_1_75' title='bbox 804 1955 936 2014; x_wconf 88' lang='lat' dir='ltr'><strong>centum</strong></span> <span class='ocrx_word' id='word_1_76' title='bbox 960 1950 1089 2035; x_wconf 85' lang='lat' dir='ltr'><strong>viginti.</strong></span> <span class='ocrx_word' id='word_1_77' title='bbox 1136 1948 1282 2016; x_wconf 87' lang='lat' dir='ltr'><strong>Intrevit</strong></span> <span class='ocrx_word' id='word_1_78' title='bbox 1305 1956 1415 2016; x_wconf 85' lang='lat' dir='ltr'><strong>eutem</strong></span> <span class='ocrx_word' id='word_1_79' title='bbox 1439 1970 1522 2035; x_wconf 86' lang='lat' dir='ltr'><strong>prae-</strong></span> 
     </span>
     <span class='ocr_line' id='line_1_12' title="bbox 470 2050 1520 2138; baseline 0.001 -24"><span class='ocrx_word' id='word_1_80' title='bbox 470 2050 541 2116; x_wconf 84' lang='lat' dir='ltr'><strong>fete</strong></span> <span class='ocrx_word' id='word_1_81' title='bbox 563 2051 650 2138; x_wconf 78' lang='lat' dir='ltr'><strong>regie</strong></span> <span class='ocrx_word' id='word_1_82' title='bbox 678 2051 770 2117; x_wconf 85' lang='lat' dir='ltr'><strong>Oswi</strong></span> <span class='ocrx_word' id='word_1_83' title='bbox 784 2051 854 2114; x_wconf 80' lang='lat' dir='ltr'><strong>filie</strong></span> <span class='ocrx_word' id='word_1_84' title='bbox 874 2050 946 2116; x_wconf 91' lang='lat' dir='ltr'><strong>Deo</strong></span> <span class='ocrx_word' id='word_1_85' title='bbox 967 2051 1108 2116; x_wconf 86' lang='lat' dir='ltr'><strong>dicende</strong></span> <span class='ocrx_word' id='word_1_86' title='bbox 1131 2051 1365 2118; x_wconf 84' lang='lat' dir='ltr'><strong>monesterium</strong></span> <span class='ocrx_word' id='word_1_87' title='bbox 1390 2053 1431 2116; x_wconf 90' lang='lat' dir='ltr'><strong>de</strong></span> <span class='ocrx_word' id='word_1_88' title='bbox 1455 2072 1520 2136; x_wconf 92' lang='lat' dir='ltr'><strong>quo</strong></span> 
     </span>
     <span class='ocr_line' id='line_1_13' title="bbox 469 2151 1519 2238; baseline -0.002 -20"><span class='ocrx_word' id='word_1_89' title='bbox 469 2153 692 2236; x_wconf 71' lang='lat' dir='ltr'><strong>praediximus,</strong></span> <span class='ocrx_word' id='word_1_90' title='bbox 720 2151 809 2237; x_wconf 89' lang='lat' dir='ltr'><strong>quod</strong></span> <span class='ocrx_word' id='word_1_91' title='bbox 830 2151 1014 2237; x_wconf 85' lang='lat' dir='ltr'><strong>Herteseye</strong></span> <span class='ocrx_word' id='word_1_92' title='bbox 1040 2159 1255 2238; x_wconf 81' lang='lat' dir='ltr'><strong>nuncupetur,</strong></span> <span class='ocrx_word' id='word_1_93' title='bbox 1272 2153 1308 2218; x_wconf 90' lang='lat' dir='ltr'><strong>id</strong></span> <span class='ocrx_word' id='word_1_94' title='bbox 1330 2157 1387 2231; x_wconf 89' lang='lat' dir='ltr'><strong>eet,</strong></span> <span class='ocrx_word' id='word_1_95' title='bbox 1406 2153 1519 2218; x_wconf 78' lang='lat' dir='ltr'><strong>Insula</strong></span> 
     </span>
     <span class='ocr_line' id='line_1_14' title="bbox 471 2251 1520 2340; baseline 0.001 -23"><span class='ocrx_word' id='word_1_96' title='bbox 471 2251 581 2332; x_wconf 86' lang='lat' dir='ltr'><strong>Oervi,</strong></span> <span class='ocrx_word' id='word_1_97' title='bbox 610 2254 664 2318; x_wconf 90' lang='lat' dir='ltr'><strong>cui</strong></span> <span class='ocrx_word' id='word_1_98' title='bbox 694 2259 775 2319; x_wconf 92' lang='lat' dir='ltr'><strong>tunc</strong></span> <span class='ocrx_word' id='word_1_99' title='bbox 804 2253 909 2318; x_wconf 83' lang='lat' dir='ltr'><strong>Hildu</strong></span> <span class='ocrx_word' id='word_1_100' title='bbox 938 2253 1106 2318; x_wconf 72' lang='lat' dir='ltr'><strong>abbatissa</strong></span> <span class='ocrx_word' id='word_1_101' title='bbox 1135 2254 1274 2340; x_wconf 80' lang='lat' dir='ltr'><strong>praefirit.</strong></span> <span class='ocrx_word' id='word_1_102' title='bbox 1335 2253 1418 2334; x_wconf 78' lang='lat' dir='ltr'><strong>Quae</strong></span> <span class='ocrx_word' id='word_1_103' title='bbox 1447 2260 1520 2340; x_wconf 89' lang='lat' dir='ltr'><strong>post</strong></span> 
     </span>
     <span class='ocr_line' id='line_1_15' title="bbox 468 2351 1518 2440; baseline 0.003 -23"><span class='ocrx_word' id='word_1_104' title='bbox 468 2351 640 2418; x_wconf 84' lang='lat' dir='ltr'><strong>biennium</strong></span> <span class='ocrx_word' id='word_1_105' title='bbox 670 2359 858 2439; x_wconf 84' lang='lat' dir='ltr'><strong>comperete</strong></span> <span class='ocrx_word' id='word_1_106' title='bbox 887 2355 1086 2440; x_wconf 72' lang='lat' dir='ltr'><strong>possessione</strong></span> <span class='ocrx_word' id='word_1_107' title='bbox 1112 2355 1223 2420; x_wconf 87' lang='lat' dir='ltr'><strong>decem</strong></span> <span class='ocrx_word' id='word_1_108' title='bbox 1252 2355 1452 2420; x_wconf 77' lang='lat' dir='ltr'><strong>familiarum</strong></span> <span class='ocrx_word' id='word_1_109' title='bbox 1482 2356 1518 2420; x_wconf 90' lang='lat' dir='ltr'><strong>in</strong></span> 
     </span>
     <span class='ocr_line' id='line_1_16' title="bbox 301 2453 1515 2541; baseline 0.004 -24"><span class='ocrx_word' id='word_1_110' title='bbox 301 2465 415 2519; x_wconf 80' lang='lat' dir='ltr'><strong>convent</strong></span> <span class='ocrx_word' id='word_1_111' title='bbox 430 2453 537 2520; x_wconf 84' lang='lat' dir='ltr'><strong>ofloce</strong></span> <span class='ocrx_word' id='word_1_112' title='bbox 575 2456 634 2541; x_wconf 90' lang='lat' dir='ltr'><strong>qui</strong></span> <span class='ocrx_word' id='word_1_113' title='bbox 672 2455 795 2520; x_wconf 86' lang='lat' dir='ltr'><strong>dicitur</strong></span> <span class='ocrx_word' id='word_1_114' title='bbox 832 2456 1051 2534; x_wconf 82' lang='lat' dir='ltr'><strong>Streneshele,</strong></span> <span class='ocrx_word' id='word_1_115' title='bbox 1090 2457 1138 2522; x_wconf 93' lang='lat' dir='ltr'><strong>ibi</strong></span> <span class='ocrx_word' id='word_1_116' title='bbox 1175 2459 1409 2522; x_wconf 83' lang='lat' dir='ltr'><strong>monasterium</strong></span> <span class='ocrx_word' id='word_1_117' title='bbox 1440 2477 1515 2522; x_wconf 88' lang='lat' dir='ltr'><strong>eon·</strong></span> 
     </span>
     <span class='ocr_line' id='line_1_17' title="bbox 299 2531 1515 2649; baseline 0 -26"><span class='ocrx_word' id='word_1_118' title='bbox 299 2531 400 2649; x_wconf 49' lang='lat'><strong>3252*</strong></span> <span class='ocrx_word' id='word_1_119' title='bbox 466 2558 593 2623; x_wconf 79' lang='lat' dir='ltr'><strong>struxit</strong></span> <span class='ocrx_word' id='word_1_120' title='bbox 605 2583 614 2638; x_wconf 91' lang='lat'>;</span> <span class='ocrx_word' id='word_1_121' title='bbox 644 2559 681 2622; x_wconf 91' lang='lat' dir='ltr'><strong>in</strong></span> <span class='ocrx_word' id='word_1_122' title='bbox 707 2579 773 2643; x_wconf 91' lang='lat' dir='ltr'><strong>quo</strong></span> <span class='ocrx_word' id='word_1_123' title='bbox 795 2563 978 2624; x_wconf 84' lang='lat' dir='ltr'><strong>memorata</strong></span> <span class='ocrx_word' id='word_1_124' title='bbox 1007 2559 1093 2645; x_wconf 86' lang='lat' dir='ltr'><strong>regis</strong></span> <span class='ocrx_word' id='word_1_125' title='bbox 1116 2558 1194 2636; x_wconf 84' lang='lat' dir='ltr'><strong>filie,</strong></span> <span class='ocrx_word' id='word_1_126' title='bbox 1226 2559 1331 2646; x_wconf 84' lang='lat' dir='ltr'><strong>primo</strong></span> <span class='ocrx_word' id='word_1_127' title='bbox 1356 2559 1515 2644; x_wconf 86' lang='lat' dir='ltr'><strong>discipule</strong></span> 
     </span>
     <span class='ocr_line' id='line_1_18' title="bbox 299 2659 1515 2746; baseline 0.007 -31"><span class='ocrx_word' id='word_1_128' title='bbox 299 2664 439 2735; x_wconf 82' lang='lat' dir='ltr'><strong>(Whitby).</strong></span> <span class='ocrx_word' id='word_1_129' title='bbox 466 2659 547 2724; x_wconf 82' lang='lat' dir='ltr'><strong>vitoe</strong></span> <span class='ocrx_word' id='word_1_130' title='bbox 562 2659 730 2746; x_wconf 74' lang='lat' dir='ltr'><strong>regularis,</strong></span> <span class='ocrx_word' id='word_1_131' title='bbox 747 2659 865 2724; x_wconf 90' lang='lat' dir='ltr'><strong>deinde</strong></span> <span class='ocrx_word' id='word_1_132' title='bbox 879 2660 980 2726; x_wconf 89' lang='lat' dir='ltr'><strong>etiem</strong></span> <span class='ocrx_word' id='word_1_133' title='bbox 996 2661 1154 2746; x_wconf 77' lang='lat' dir='ltr'><strong>magistre</strong></span> <span class='ocrx_word' id='word_1_134' title='bbox 1174 2661 1296 2738; x_wconf 86' lang='lat' dir='ltr'><strong>extitit,</strong></span> <span class='ocrx_word' id='word_1_135' title='bbox 1314 2661 1416 2726; x_wconf 90' lang='lat' dir='ltr'><strong>donec</strong></span> <span class='ocrx_word' id='word_1_136' title='bbox 1430 2682 1515 2725; x_wconf 91' lang='lat' dir='ltr'><strong>com-</strong></span> 
     </span>
     <span class='ocr_line' id='line_1_19' title="bbox 464 2759 1514 2847; baseline 0.002 -23"><span class='ocrx_word' id='word_1_137' title='bbox 464 2760 552 2845; x_wconf 90' lang='lat' dir='ltr'><strong>pleto</strong></span> <span class='ocrx_word' id='word_1_138' title='bbox 575 2759 852 2846; x_wconf 84' lang='lat' dir='ltr'><strong>undeeexsgiute¹</strong></span> <span class='ocrx_word' id='word_1_139' title='bbox 887 2783 1046 2827; x_wconf 76' lang='lat' dir='ltr'><strong>annorum</strong></span> <span class='ocrx_word' id='word_1_140' title='bbox 1074 2783 1217 2840; x_wconf 89' lang='lat' dir='ltr'><strong>numero,</strong></span> <span class='ocrx_word' id='word_1_141' title='bbox 1243 2763 1286 2826; x_wconf 86' lang='lat' dir='ltr'><strong>ed</strong></span> <span class='ocrx_word' id='word_1_142' title='bbox 1309 2762 1514 2847; x_wconf 83' lang='lat' dir='ltr'><strong>complexum</strong></span> 
     </span>
     <span class='ocr_line' id='line_1_20' title="bbox 462 2862 1512 2951; baseline 0.001 -23"><span class='ocrx_word' id='word_1_143' title='bbox 462 2868 497 2929; x_wconf 87' lang='lat' dir='ltr'><strong>et</strong></span> <span class='ocrx_word' id='word_1_144' title='bbox 534 2864 669 2951; x_wconf 75' lang='lat' dir='ltr'><strong>nuptias</strong></span> <span class='ocrx_word' id='word_1_145' title='bbox 700 2863 819 2950; x_wconf 86' lang='lat' dir='ltr'><strong>Sponsi</strong></span> <span class='ocrx_word' id='word_1_146' title='bbox 849 2863 990 2929; x_wconf 87' lang='lat' dir='ltr'><strong>coelestis</strong></span> <span class='ocrx_word' id='word_1_147' title='bbox 1020 2864 1116 2950; x_wconf 86' lang='lat' dir='ltr'><strong>virgo</strong></span> <span class='ocrx_word' id='word_1_148' title='bbox 1145 2863 1244 2929; x_wconf 86' lang='lat' dir='ltr'><strong>beete</strong></span> <span class='ocrx_word' id='word_1_149' title='bbox 1273 2864 1418 2929; x_wconf 81' lang='lat' dir='ltr'><strong>intraret.</strong></span> <span class='ocrx_word' id='word_1_150' title='bbox 1469 2862 1512 2929; x_wconf 94' lang='lat' dir='ltr'><strong>In</strong></span> 
     </span>
     <span class='ocr_line' id='line_1_21' title="bbox 462 2964 1513 3052; baseline 0 -23"><span class='ocrx_word' id='word_1_151' title='bbox 462 2986 528 3049; x_wconf 90' lang='lat' dir='ltr'><strong>quc</strong></span> <span class='ocrx_word' id='word_1_152' title='bbox 543 2966 740 3032; x_wconf 74' lang='lat' dir='ltr'><strong>monestede</strong></span> <span class='ocrx_word' id='word_1_153' title='bbox 755 2972 790 3031; x_wconf 89' lang='lat' dir='ltr'><strong>et</strong></span> <span class='ocrx_word' id='word_1_154' title='bbox 807 2966 887 3051; x_wconf 85' lang='lat' dir='ltr'><strong>ipse,</strong></span> <span class='ocrx_word' id='word_1_155' title='bbox 908 2972 942 3029; x_wconf 90' lang='lat' dir='ltr'><strong>et</strong></span> <span class='ocrx_word' id='word_1_156' title='bbox 959 2972 1053 3052; x_wconf 87' lang='lat' dir='ltr'><strong>peter</strong></span> <span class='ocrx_word' id='word_1_157' title='bbox 1076 2966 1145 3031; x_wconf 89' lang='lat' dir='ltr'><strong>eius</strong></span> <span class='ocrx_word' id='word_1_158' title='bbox 1165 2988 1224 3031; x_wconf 83' lang='lat' dir='ltr'><strong>rex</strong></span> <span class='ocrx_word' id='word_1_159' title='bbox 1241 2964 1338 3044; x_wconf 87' lang='lat' dir='ltr'><strong>Oswi,</strong></span> <span class='ocrx_word' id='word_1_160' title='bbox 1359 2976 1393 3031; x_wconf 92' lang='lat' dir='ltr'><strong>et</strong></span> <span class='ocrx_word' id='word_1_161' title='bbox 1407 2971 1513 3029; x_wconf 85' lang='lat' dir='ltr'><strong>meter</strong></span> 
     </span>
     <span class='ocr_line' id='line_1_22' title="bbox 462 3066 1511 3155; baseline 0 -24"><span class='ocrx_word' id='word_1_162' title='bbox 462 3067 532 3133; x_wconf 88' lang='lat' dir='ltr'><strong>eius</strong></span> <span class='ocrx_word' id='word_1_163' title='bbox 561 3068 677 3155; x_wconf 80' lang='lat' dir='ltr'><strong>regine</strong></span> <span class='ocrx_word' id='word_1_164' title='bbox 714 3066 866 3143; x_wconf 86' lang='lat' dir='ltr'><strong>Anflede,</strong></span> <span class='ocrx_word' id='word_1_165' title='bbox 906 3074 940 3132; x_wconf 90' lang='lat' dir='ltr'><strong>et</strong></span> <span class='ocrx_word' id='word_1_166' title='bbox 978 3072 1071 3153; x_wconf 84' lang='lat' dir='ltr'><strong>peter</strong></span> <span class='ocrx_word' id='word_1_167' title='bbox 1101 3067 1216 3131; x_wconf 87' lang='lat' dir='ltr'><strong>metris</strong></span> <span class='ocrx_word' id='word_1_168' title='bbox 1253 3066 1323 3132; x_wconf 88' lang='lat' dir='ltr'><strong>eius</strong></span> <span class='ocrx_word' id='word_1_169' title='bbox 1354 3089 1413 3131; x_wconf 84' lang='lat' dir='ltr'><strong>rex</strong></span> <span class='ocrx_word' id='word_1_170' title='bbox 1445 3067 1511 3131; x_wconf 89' lang='lat' dir='ltr'><strong>Ed-</strong></span> 
     </span>
     <span class='ocr_line' id='line_1_23' title="bbox 462 3168 1511 3248; baseline 0.001 -16"><span class='ocrx_word' id='word_1_171' title='bbox 462 3170 577 3248; x_wconf 79' lang='lat' dir='ltr'><strong>winue,</strong></span> <span class='ocrx_word' id='word_1_172' title='bbox 616 3176 651 3235; x_wconf 89' lang='lat' dir='ltr'><strong>et</strong></span> <span class='ocrx_word' id='word_1_173' title='bbox 680 3170 779 3235; x_wconf 88' lang='lat' dir='ltr'><strong>multi</strong></span> <span class='ocrx_word' id='word_1_174' title='bbox 808 3169 866 3233; x_wconf 85' lang='lat' dir='ltr'><strong>elii</strong></span> <span class='ocrx_word' id='word_1_175' title='bbox 896 3168 1020 3233; x_wconf 85' lang='lat' dir='ltr'><strong>nobiles</strong></span> <span class='ocrx_word' id='word_1_176' title='bbox 1051 3168 1086 3231; x_wconf 90' lang='lat' dir='ltr'><strong>in</strong></span> <span class='ocrx_word' id='word_1_177' title='bbox 1123 3168 1256 3234; x_wconf 85' lang='lat' dir='ltr'><strong>ecclesie</strong></span> <span class='ocrx_word' id='word_1_178' title='bbox 1285 3169 1391 3234; x_wconf 85' lang='lat' dir='ltr'><strong>sencti</strong></span> <span class='ocrx_word' id='word_1_179' title='bbox 1421 3168 1511 3233; x_wconf 86' lang='lat' dir='ltr'><strong>Petri</strong></span> 
     </span>
     <span class='ocr_line' id='line_1_24' title="bbox 460 3269 1509 3357; baseline 0 -22"><span class='ocrx_word' id='word_1_180' title='bbox 460 3272 599 3355; x_wconf 88' lang='lat' dir='ltr'><strong>epcstoli</strong></span> <span class='ocrx_word' id='word_1_181' title='bbox 622 3272 744 3357; x_wconf 75' lang='lat' dir='ltr'><strong>sepulti</strong></span> <span class='ocrx_word' id='word_1_182' title='bbox 770 3278 857 3335; x_wconf 87' lang='lat' dir='ltr'><strong>sunt.</strong></span> <span class='ocrx_word' id='word_1_183' title='bbox 903 3269 977 3335; x_wconf 92' lang='lat' dir='ltr'><strong>Hoc</strong></span> <span class='ocrx_word' id='word_1_184' title='bbox 1000 3275 1111 3335; x_wconf 88' lang='lat' dir='ltr'><strong>eutem</strong></span> <span class='ocrx_word' id='word_1_185' title='bbox 1131 3270 1255 3335; x_wconf 90' lang='lat' dir='ltr'><strong>bellum</strong></span> <span class='ocrx_word' id='word_1_186' title='bbox 1278 3292 1337 3335; x_wconf 81' lang='lat' dir='ltr'><strong>rex</strong></span> <span class='ocrx_word' id='word_1_187' title='bbox 1362 3270 1452 3336; x_wconf 88' lang='lat' dir='ltr'><strong>Oswi</strong></span> <span class='ocrx_word' id='word_1_188' title='bbox 1474 3270 1509 3335; x_wconf 90' lang='lat' dir='ltr'><strong>in</strong></span> 
     </span>
     <span class='ocr_line' id='line_1_25' title="bbox 294 3372 1508 3457; baseline 0.008 -30"><span class='ocrx_word' id='word_1_189' title='bbox 294 3378 359 3430; x_wconf 71' lang='lat' dir='ltr'><strong>Nos.</strong></span> <span class='ocrx_word' id='word_1_190' title='bbox 374 3386 412 3443; x_wconf 84' lang='lat'><strong>15,</strong></span> <span class='ocrx_word' id='word_1_191' title='bbox 460 3374 591 3457; x_wconf 79' lang='lat' dir='ltr'><strong>regione</strong></span> <span class='ocrx_word' id='word_1_192' title='bbox 622 3373 742 3449; x_wconf 89' lang='lat' dir='ltr'><strong>Loidis,</strong></span> <span class='ocrx_word' id='word_1_193' title='bbox 782 3373 881 3438; x_wconf 81' lang='lat' dir='ltr'><strong>tertio</strong></span> <span class='ocrx_word' id='word_1_194' title='bbox 912 3372 1038 3437; x_wconf 86' lang='lat' dir='ltr'><strong>decimo</strong></span> <span class='ocrx_word' id='word_1_195' title='bbox 1062 3372 1156 3457; x_wconf 85' lang='lat' dir='ltr'><strong>regni</strong></span> <span class='ocrx_word' id='word_1_196' title='bbox 1181 3373 1233 3437; x_wconf 90' lang='lat' dir='ltr'><strong>sui</strong></span> <span class='ocrx_word' id='word_1_197' title='bbox 1257 3394 1351 3447; x_wconf 86' lang='lat' dir='ltr'><strong>enno,</strong></span> <span class='ocrx_word' id='word_1_198' title='bbox 1384 3372 1508 3437; x_wconf 90' lang='lat' dir='ltr'><strong>decimo</strong></span> 
     </span>
     <span class='ocr_line' id='line_1_26' title="bbox 291 3446 1508 3561; baseline 0.002 -24"><span class='ocrx_word' id='word_1_199' title='bbox 291 3446 360 3496; x_wconf 72' lang='lat' dir='ltr'><strong>Am.</strong></span> <span class='ocrx_word' id='word_1_200' title='bbox 373 3454 429 3500; x_wconf 80' lang='lat'>⁶⁵⁵·</span> <span class='ocrx_word' id='word_1_201' title='bbox 459 3474 600 3558; x_wconf 89' lang='lat' dir='ltr'><strong>septimo</strong></span> <span class='ocrx_word' id='word_1_202' title='bbox 644 3474 699 3538; x_wconf 91' lang='lat' dir='ltr'><strong>die</strong></span> <span class='ocrx_word' id='word_1_203' title='bbox 744 3474 960 3539; x_wconf 75' lang='lat' dir='ltr'><strong>kalendarum</strong></span> <span class='ocrx_word' id='word_1_204' title='bbox 999 3473 1237 3552; x_wconf 85' lang='lat' dir='ltr'><strong>Decembrium,</strong></span> <span class='ocrx_word' id='word_1_205' title='bbox 1276 3475 1319 3539; x_wconf 86' lang='lat' dir='ltr'><strong>ed</strong></span> <span class='ocrx_word' id='word_1_206' title='bbox 1355 3496 1508 3561; x_wconf 75' lang='lat' dir='ltr'><strong>megnem</strong></span> 
     </span>
     <span class='ocr_line' id='line_1_27' title="bbox 458 3575 1507 3663; baseline 0.002 -25"><span class='ocrx_word' id='word_1_207' title='bbox 458 3576 628 3660; x_wconf 85' lang='lat' dir='ltr'><strong>utriusque</strong></span> <span class='ocrx_word' id='word_1_208' title='bbox 665 3576 778 3663; x_wconf 90' lang='lat' dir='ltr'><strong>populi</strong></span> <span class='ocrx_word' id='word_1_209' title='bbox 814 3576 995 3641; x_wconf 78' lang='lat' dir='ltr'><strong>utilitatem</strong></span> <span class='ocrx_word' id='word_1_210' title='bbox 1034 3576 1178 3643; x_wconf 86' lang='lat' dir='ltr'><strong>confecit</strong></span> <span class='ocrx_word' id='word_1_211' title='bbox 1224 3575 1313 3641; x_wconf 86' lang='lat' dir='ltr'><strong>Nem</strong></span> <span class='ocrx_word' id='word_1_212' title='bbox 1351 3582 1385 3641; x_wconf 89' lang='lat' dir='ltr'><strong>et</strong></span> <span class='ocrx_word' id='word_1_213' title='bbox 1414 3596 1507 3641; x_wconf 87' lang='lat' dir='ltr'><strong>suem</strong></span> 
     </span>
     <span class='ocr_line' id='line_1_28' title="bbox 457 3676 1506 3765; baseline 0.003 -24"><span class='ocrx_word' id='word_1_214' title='bbox 457 3680 598 3763; x_wconf 81' lang='lat' dir='ltr'><strong>geniem,</strong></span> <span class='ocrx_word' id='word_1_215' title='bbox 625 3677 748 3743; x_wconf 86' lang='lat' dir='ltr'><strong>scilicet</strong></span> <span class='ocrx_word' id='word_1_216' title='bbox 770 3676 1081 3754; x_wconf 87' lang='lat' dir='ltr'><strong>Nerthumbrorum,</strong></span> <span class='ocrx_word' id='word_1_217' title='bbox 1105 3678 1148 3743; x_wconf 89' lang='lat' dir='ltr'><strong>eb</strong></span> <span class='ocrx_word' id='word_1_218' title='bbox 1172 3677 1284 3745; x_wconf 90' lang='lat' dir='ltr'><strong>hostili</strong></span> <span class='ocrx_word' id='word_1_219' title='bbox 1306 3698 1506 3765; x_wconf 66' lang='lat' dir='ltr'><strong>paganorum</strong></span> 
     </span>
     <span class='ocr_line' id='line_1_29' title="bbox 458 3777 1504 3866; baseline 0.001 -23"><span class='ocrx_word' id='word_1_220' title='bbox 458 3777 709 3866; x_wconf 69' lang='lat' dir='ltr'><strong>depopulatione</strong></span> <span class='ocrx_word' id='word_1_221' title='bbox 734 3779 898 3857; x_wconf 74' lang='lat' dir='ltr'><strong>liberavit,</strong></span> <span class='ocrx_word' id='word_1_222' title='bbox 933 3785 967 3845; x_wconf 93' lang='lat' dir='ltr'><strong>et</strong></span> <span class='ocrx_word' id='word_1_223' title='bbox 996 3780 1102 3865; x_wconf 83' lang='lat' dir='ltr'><strong>ipsum</strong></span> <span class='ocrx_word' id='word_1_224' title='bbox 1139 3784 1271 3866; x_wconf 81' lang='lat' dir='ltr'><strong>gentem</strong></span> <span class='ocrx_word' id='word_1_225' title='bbox 1308 3780 1504 3845; x_wconf 73' lang='lat' dir='ltr'><strong>Marciorum</strong></span> 
     </span>
     <span class='ocr_line' id='line_1_30' title="bbox 291 3880 1506 3971; baseline 0.008 -35"><span class='ocrx_word' id='word_1_226' title='bbox 291 3880 738 3967; x_wconf 64' lang='lat' dir='ltr'><strong>Convemjonfinitimerumque</strong></span> <span class='ocrx_word' id='word_1_227' title='bbox 761 3880 1009 3969; x_wconf 78' lang='lat' dir='ltr'><strong>provinciarum,</strong></span> <span class='ocrx_word' id='word_1_228' title='bbox 1035 3881 1162 3946; x_wconf 89' lang='lat' dir='ltr'><strong>desecto</strong></span> <span class='ocrx_word' id='word_1_229' title='bbox 1186 3882 1293 3967; x_wconf 83' lang='lat' dir='ltr'><strong>capite</strong></span> <span class='ocrx_word' id='word_1_230' title='bbox 1316 3881 1446 3971; x_wconf 85' lang='lat' dir='ltr'><strong>perfido,</strong></span> <span class='ocrx_word' id='word_1_231' title='bbox 1462 3881 1506 3946; x_wconf 87' lang='lat' dir='ltr'><strong>ed</strong></span> 
     </span>
     <span class='ocr_line' id='line_1_31' title="bbox 290 3951 1110 4069; baseline 0 -23"><span class='ocrx_word' id='word_1_232' title='bbox 290 3951 429 4007; x_wconf 56' lang='lat' dir='ltr'><strong>⁰ffl⁰m¹⁸</strong></span> <span class='ocrx_word' id='word_1_233' title='bbox 456 3982 534 4047; x_wconf 76' lang='lat' dir='ltr'><strong>fies</strong></span> <span class='ocrx_word' id='word_1_234' title='bbox 558 3983 755 4049; x_wconf 69' lang='lat' dir='ltr'><strong>mmesnae</strong></span> <span class='ocrx_word' id='word_1_235' title='bbox 776 3983 918 4069; x_wconf 71' lang='lat' dir='ltr'><strong>gratiam</strong></span> <span class='ocrx_word' id='word_1_236' title='bbox 942 3982 1110 4049; x_wconf 68' lang='lat' dir='ltr'><strong>converse.</strong></span> 
     </span>
    </p>
   </div>
   <div class='ocr_carea' id='block_1_4' title="bbox 287 4074 1506 4271">
    <p class='ocr_par' dir='ltr' id='par_1_4' title="bbox 287 4074 1506 4271">
     <span class='ocr_line' id='line_1_32' title="bbox 287 4074 1506 4195; baseline -0.001 -45"><span class='ocrx_word' id='word_1_237' title='bbox 287 4074 440 4195; x_wconf 40' lang='grc' dir='ltr'><strong>ἂψ</strong></span> <span class='ocrx_word' id='word_1_238' title='bbox 501 4082 663 4151; x_wconf 82' lang='lat' dir='ltr'><strong>Successit</strong></span> <span class='ocrx_word' id='word_1_239' title='bbox 686 4090 799 4150; x_wconf 87' lang='lat' dir='ltr'><strong>eutem</strong></span> <span class='ocrx_word' id='word_1_240' title='bbox 830 4082 1023 4149; x_wconf 86' lang='lat' dir='ltr'><strong>AEtbelhero</strong></span> <span class='ocrx_word' id='word_1_241' title='bbox 1050 4084 1151 4148; x_wconf 74' lang='lat' dir='ltr'><strong>freter</strong></span> <span class='ocrx_word' id='word_1_242' title='bbox 1173 4082 1242 4149; x_wconf 90' lang='lat' dir='ltr'><strong>eius</strong></span> <span class='ocrx_word' id='word_1_243' title='bbox 1268 4082 1506 4149; x_wconf 85' lang='lat' dir='ltr'><strong>AEthelwoldus</strong></span> 
     </span>
     <span class='ocr_line' id='line_1_33' title="bbox 287 4184 1504 4271; baseline 0.001 -21"><span class='ocrx_word' id='word_1_244' title='bbox 287 4206 329 4257; x_wconf 72' lang='lat' dir='ltr'><strong>rs.</strong></span> <span class='ocrx_word' id='word_1_245' title='bbox 343 4184 491 4262; x_wconf 42' lang='grc' dir='ltr'><strong>Μαίη</strong></span> <span class='ocrx_word' id='word_1_246' title='bbox 528 4206 629 4271; x_wconf 84' lang='lat' dir='ltr'><strong>regno</strong></span> <span class='ocrx_word' id='word_1_247' title='bbox 667 4184 888 4251; x_wconf 74' lang='lat' dir='ltr'><strong>Orientalium</strong></span> <span class='ocrx_word' id='word_1_248' title='bbox 926 4185 1110 4271; x_wconf 85' lang='lat' dir='ltr'><strong>Anglorum</strong></span> <span class='ocrx_word' id='word_1_249' title='bbox 1145 4186 1345 4251; x_wconf 78' lang='lat' dir='ltr'><strong>continuatis</strong></span> <span class='ocrx_word' id='word_1_250' title='bbox 1382 4207 1504 4251; x_wconf 89' lang='lat' dir='ltr'><strong>sueces-</strong></span> 
     </span>
    </p>
   </div>
   <div class='ocr_carea' id='block_1_5' title="bbox 286 4272 1504 4372">
    <p class='ocr_par' dir='ltr' id='par_1_5' title="bbox 286 4272 1504 4372">
     <span class='ocr_line' id='line_1_34' title="bbox 286 4272 1504 4372; baseline 0 -20"><span class='ocrx_word' id='word_1_251' title='bbox 286 4272 421 4352; x_wconf 56' lang='lat' dir='ltr'><strong>AE‘hflffl</strong></span> <span class='ocrx_word' id='word_1_252' title='bbox 455 4285 626 4366; x_wconf 87' lang='lat' dir='ltr'><strong>sicnibus;</strong></span> <span class='ocrx_word' id='word_1_253' title='bbox 646 4286 704 4372; x_wconf 91' lang='lat' dir='ltr'><strong>qui</strong></span> <span class='ocrx_word' id='word_1_254' title='bbox 731 4288 865 4352; x_wconf 81' lang='lat' dir='ltr'><strong>tendem</strong></span> <span class='ocrx_word' id='word_1_255' title='bbox 892 4308 1029 4372; x_wconf 84' lang='lat' dir='ltr'><strong>regnum</strong></span> <span class='ocrx_word' id='word_1_256' title='bbox 1056 4287 1190 4372; x_wconf 87' lang='lat' dir='ltr'><strong>reliquit</strong></span> <span class='ocrx_word' id='word_1_257' title='bbox 1209 4288 1353 4353; x_wconf 88' lang='lat' dir='ltr'><strong>eiusdem</strong></span> <span class='ocrx_word' id='word_1_258' title='bbox 1377 4287 1504 4354; x_wconf 82' lang='lat' dir='ltr'><strong>AEthel-</strong></span> 
     </span>
    </p>
   </div>
   <div class='ocr_carea' id='block_1_6' title="bbox 284 4340 1072 4537">
    <p class='ocr_par' dir='ltr' id='par_1_6' title="bbox 284 4340 1072 4537">
     <span class='ocr_line' id='line_1_35' title="bbox 284 4340 1072 4537; baseline 0.004 -88"><span class='ocrx_word' id='word_1_259' title='bbox 284 4340 430 4537; x_wconf 46' lang='lat' dir='ltr'><strong>{3¹¹5be</strong></span> <span class='ocrx_word' id='word_1_260' title='bbox 454 4387 524 4451; x_wconf 73' lang='lat' dir='ltr'><strong>ses</strong></span> <span class='ocrx_word' id='word_1_261' title='bbox 546 4387 622 4451; x_wconf 73' lang='lat' dir='ltr'><strong>eius</strong></span> <span class='ocrx_word' id='word_1_262' title='bbox 644 4388 812 4475; x_wconf 78' lang='lat' dir='ltr'><strong>Aldulpho</strong></span> <span class='ocrx_word' id='word_1_263' title='bbox 834 4393 869 4454; x_wconf 72' lang='lat' dir='ltr'><strong>s</strong></span> <span class='ocrx_word' id='word_1_264' title='bbox 891 4389 1072 4455; x_wconf 69' lang='lat' dir='ltr'><strong>Ausone</strong></span> 
     </span>
    </p>
   </div>
   <div class='ocr_carea' id='block_1_7' title="bbox 708 4754 1250 4821">
    <p class='ocr_par' dir='ltr' id='par_1_7' title="bbox 708 4754 1250 4821">
     <span class='ocr_line' id='line_1_36' title="bbox 708 4754 1250 4821; baseline 0.006 -17"><span class='ocrx_word' id='word_1_265' title='bbox 708 4756 715 4784; x_wconf 87' lang='lat'><strong>¹</strong></span> <span class='ocrx_word' id='word_1_266' title='bbox 728 4754 929 4820; x_wconf 70' lang='lat' dir='ltr'><strong>urrdeeemqr&#39;ula]</strong></span> <span class='ocrx_word' id='word_1_267' title='bbox 944 4770 994 4807; x_wconf 84' lang='lat' dir='ltr'><strong>uno</strong></span> <span class='ocrx_word' id='word_1_268' title='bbox 1005 4756 1036 4807; x_wconf 87' lang='lat' dir='ltr'><strong>de</strong></span> <span class='ocrx_word' id='word_1_269' title='bbox 1047 4756 1184 4821; x_wconf 72' lang='lat' dir='ltr'><strong>sexaginte,</strong></span> <span class='ocrx_word' id='word_1_270' title='bbox 1196 4756 1250 4807; x_wconf 80' lang='lat' dir='ltr'><strong>MS.</strong></span> 
     </span>
    </p>
   </div>
   <div class='ocr_carea' id='block_1_8' title="bbox 0 0 1776 5800">
    <p class='ocr_par' dir='ltr' id='par_1_8' title="bbox 0 0 1776 5800">
     <span class='ocr_line' id='line_1_37' title="bbox 0 0 1776 5800; baseline 0 11"><span class='ocrx_word' id='word_1_271' title='bbox 0 0 1776 5800; x_wconf 95' lang='lat' dir='ltr'><strong> </strong></span> 
     </span>
    </p>
   </div>
  </div>
 </body>
</html>
