3542 5800
528 935 575 983 nn
597 933 714 984 ossrrs
736 932 860 984 arcun
881 929 1065 984 luen-11.
1084 921 1133 982 54.
1287 919 1351 984 219

298 1143 374 1186 men
396 1121 604 1209 imposuerat,
627 1127 668 1188 ut
691 1122 912 1209 apostolorum
943 1121 1090 1208 principi,
1119 1119 1161 1186 orl
1187 1121 1279 1186 cauus
1303 1141 1353 1184 sa-

298 1225 516 1290 cratissimum
546 1247 662 1312 corpus
692 1247 713 1288 a
742 1225 864 1289 finibus
890 1229 987 1290 terroe
1012 1224 1067 1310 pio
1098 1225 1215 1289 ductus
1245 1245 1354 1288 amore

298 1335 444 1405 venerat,
484 1329 585 1394 etiam
626 1328 769 1392 nominis
803 1327 905 1414 ipsius
945 1326 1107 1392 consortio
1142 1327 1351 1414 iungeretur:

300 1431 357 1516 qui
393 1432 429 1495 in
467 1430 613 1496 eiusdem
643 1429 865 1517 apostolorum
893 1430 1048 1516 principis
1080 1429 1213 1495 ecclesia
1241 1429 1354 1496 Romae

299 1533 446 1619 sepultus
470 1539 527 1598 est.
576 1533 670 1598 Inter
693 1532 762 1598 haec
788 1532 940 1598 arduum¹
967 1539 1150 1598 memoratu
1177 1537 1236 1611 est,
1253 1555 1438 1620 quan-wip,

299 1637 489 1704 tumetium
515 1641 593 1702 ante
607 1636 811 1723 baptismum
828 1635 996 1702 Oedwslla
1017 1635 1205 1702 inservierit
1227 1637 1354 1723 pietati,
1367 1633 1456 1712 alaim.
1501 1704 1513 1721 ,

300 1745 339 1805 ut
364 1761 475 1804 omncs
500 1739 681 1816 manubias,
706 1759 787 1826 quas
809 1740 880 1805 iure
903 1739 1100 1825 praedatorio
1124 1741 1158 1804 in
1181 1759 1255 1805 suos
1278 1761 1355 1806 usus
1366 1715 1383 1752 ¹'
1397 1707 1437 1758 Μ’
1449 1705 1522 1766 Μ’

301 1844 556 1929 transcripserat,
586 1843 658 1907 Deo
682 1843 866 1908 decimaret
929 1841 970 1906 In
1003 1863 1067 1928 quo
1102 1843 1163 1908 etsi
1198 1844 1357 1930 approba·

300 1967 373 2010 mus
398 1945 608 2031 exemplum²,
632 1947 730 2010 iuxta
755 1943 880 2011 illude
911 1945 1016 2026 “Qui
1041 1945 1138 2010 offert
1161 1947 1356 2011 sacrificium

304 2048 344 2113 de
373 2047 563 2114 substantia
599 2048 755 2135 pauperis
785 2042 881 2134 quasi
913 2047 969 2134 qui
1000 2047 1150 2114 immolat
1180 2049 1287 2114 filium
1321 2049 1357 2112 in

302 2156 479 2238 conspectu
494 2147 630 2238 patria''
682 2151 830 2216 Jubente
860 2156 972 2216 autem
996 2171 1082 2238 papa
1112 2151 1290 2240 apostolico
1320 2151 1356 2216 in

301 2253 445 2320 eiusdem
466 2251 642 2320 cedwallae
658 2259 872 2320 monumento
894 2253 1110 2341 epitaphium‘
1126 2261 1177 2320 est
1199 2255 1358 2342 couscrip-

302 2365 386 2436 tum,
403 2358 518 2443 inquo
534 2362 568 2422 et
586 2358 743 2422 memoria
763 2356 949 2422 devotionis
968 2357 1071 2445 ipsius
1086 2359 1154 2424 fixa
1168 2380 1227 2445 per
1241 2359 1359 2426 saemrla

302 2465 458 2538 maneret,
481 2462 516 2524 et
537 2459 684 2547 legentes
714 2481 862 2546 quosque
888 2460 943 2525 vel
970 2461 1141 2526 audientes
1172 2461 1357 2548 exemplum

302 2563 380 2628 facti
410 2563 454 2627 ad
483 2563 631 2627 studium
660 2563 829 2649 religionis
852 2561 1051 2629 accenderet.
1109 2565 1278 2651 Scriptum
1309 2569 1359 2629 est

303 2689 379 2752 ergo
401 2666 462 2732 hoe
483 2666 602 2732 modo:

349 2841 496 2919 Culmen,
522 2863 606 2928 opes,
631 2840 783 2922 sobolem,
807 2841 967 2930 pollentia
987 2865 1096 2932 regna,
1120 2842 1311 2933 triumphos,
1370 2847 1481 2913 Hiaspi-

393 2946 550 3025 Exuvias,
574 2968 728 3033 proceres,
753 2948 884 3023 moenia‚
908 2954 1021 3025 castra,
1046 2948 1137 3029 lares,
1371 2916 1440 2981 “ph'

350 3048 497 3135 Quaeque
519 3054 653 3134 patrum
675 3048 791 3125 virtus,
817 3054 949 3135 atquae
972 3055 1178 3135 congesserat
1199 3049 1269 3137 ipse

393 3150 560 3217 cedwalla
581 3152 790 3238 armipotens,
815 3152 915 3237 liquit
937 3174 1047 3215 amore
1071 3152 1143 3229 Dei,

350 3254 400 3320 Ut
423 3254 560 3319 Petrum
582 3255 757 3340 sedemque
780 3254 871 3319 Petri
894 3276 953 3319 rex
976 3261 1122 3320 cerneret
1143 3256 1268 3343 hospes,

393 3358 496 3423 Cuius
518 3356 611 3422 fonte
632 3379 739 3423 meras
761 3361 906 3423 sumeret
929 3356 1034 3423 almus
1058 3380 1166 3445 aquas,

350 3460 647 3548 Splendificumque
670 3460 767 3525 iubar
788 3462 933 3525 raalianti
956 3468 1101 3549 carperet
1124 3462 1252 3541 haustu,

393 3564 447 3629 Ex
469 3586 536 3650 quo
557 3564 710 3629 vivificus
732 3565 842 3651 fulgor
863 3562 986 3649 ubique
1009 3566 1091 3631 fluit.

349 3666 598 3754 Percipiensque
620 3667 727 3733 alacer
748 3667 908 3733 redivivae
931 3670 1067 3755 praemia
1089 3670 1179 3747 vitre,

394 3768 606 3835 Barbaricum
628 3768 764 3848 rabiem,
787 3791 907 3835 nomen
930 3776 964 3834 et
987 3770 1063 3836 inde
1086 3794 1182 3837 suurn

352 3872 536 3939 conversus
557 3872 723 3937 convertit
745 3891 868 3937 ovans:
894 3872 1095 3958 Petrumque
1119 3872 1229 3939 vocari

396 3974 530 4062 Sergius
552 3973 693 4040 antistes
714 3974 823 4053 iussit,
844 3980 885 4039 ut
907 3974 976 4062 ipse
999 3981 1094 4061 pater
1213 4040 1216 4047 ,

351 4078 457 4143 Fonte
479 4076 686 4153 renascentis,
711 4098 808 4163 quem
832 4076 957 4143 Christi
980 4078 1089 4163 gratia
1113 4096 1257 4164 purgans

394 4180 551 4245 Protinus
574 4178 737 4245 albatum⁶
759 4181 854 4245 vexit
875 4180 911 4245 in
934 4201 1006 4245 aree
1029 4180 1102 4267 poll.

351 4282 438 4347 Mira
460 4282 543 4348 fides
563 4280 668 4369 regisl
692 4281 866 4348 clementia
888 4284 1035 4347 maxima
1057 4280 1190 4360 Christi,

395 4386 498 4452 Cuius
520 4384 692 4450 consilium
714 4386 824 4451 nullus
846 4386 937 4451 adire
961 4390 1091 4473 potest!

309 4572 420 4579 ”nn-.—
435 4572 581 4579 ...σιμ-»ῃ-
894 4576 1086 4582 —--—---

341 4649 476 4716 'orduum]
496 4650 607 4712 arduam,
619 4648 676 4701 MS,
894 4652 1013 4703 'Ecclun
1026 4653 1116 4704 xxxiv.
1129 4656 1171 4703 24,

339 4729 526 4796 'approbamur
546 4730 692 4797 exemplum]
720 4744 808 4795 sppro·
895 4732 1078 4798 'epitaphium
1098 4732 1261 4797 epithafium,
1272 4732 1328 4785 MS.

307 4811 395 4862 bamus
406 4810 531 4869 effectum,
543 4808 712 4875 improbamur
724 4826 811 4861 exem-
896 4812 906 4839 ³
918 4810 1039 4876 albolum]
1054 4813 1174 4875 ablutum,
1187 4812 1242 4863 MS.
1256 4832 1262 4873 ;
1297 4813 1366 4863 alba·

309 4890 387 4955 plum,
399 4890 440 4942 W.
456 4890 544 4942 Malm.
864 4891 1058 4953 tum‚Fabretti,
1073 4891 1188 4956 (Antiq.
1204 4892 1285 4942 lusor.
1298 4896 1372 4959 loe.)
