3542 5800
460 889 525 955 298
726 902 792 956 suc.
814 901 862 956 nn
883 905 1017 958 mesre.
1040 905 1129 958 srnc.
1153 905 1238 957 mar.

457 1094 579 1171 dicunt,
613 1095 702 1179 quod
724 1099 838 1161 contra
858 1117 997 1162 canones
1020 1101 1053 1161 et
1075 1095 1252 1182 apostolica
1274 1101 1402 1161 statuta
1431 1117 1505 1182 quae

456 1195 550 1260 nobis
582 1219 603 1260 a
639 1203 733 1282 patre
766 1199 956 1265 beatissimo
991 1198 1149 1286 Gregorio
1181 1198 1342 1286 dirigente
1380 1204 1506 1266 statuta

455 1305 540 1377 sunt,
565 1301 650 1367 sieut
664 1323 723 1366 vos
744 1303 843 1380 scitis,
860 1303 1038 1368 auctoritas
1060 1300 1298 1368 Doruernensis
1320 1303 1505 1390 metropoli-

454 1403 526 1466 tani
548 1403 585 1467 in
607 1405 688 1469 duos
717 1404 880 1472 scinditur
912 1405 1102 1492 parochias3
1136 1406 1236 1484 ouius,
1263 1405 1377 1472 eodem
1409 1411 1503 1492 patre

453 1506 641 1585 mandante,
665 1506 787 1574 dicioni
808 1508 973 1576 subiacere
1005 1507 1127 1575 debent
1157 1509 1299 1596 episcopi
1322 1509 1501 1588 duodecim,

452 1611 537 1676 sicut
569 1631 629 1698 per
659 1612 808 1678 eeclesias
836 1618 966 1678 nostras
1000 1613 1123 1700 legitur
1152 1612 1190 1678 in
1224 1612 1368 1701 epistola,
1405 1635 1503 1700 quam

450 1715 546 1780 fratri
579 1721 614 1780 et
636 1715 823 1804 coepiscopo
846 1716 1034 1804 Augustino
1058 1716 1181 1782 fflremt
1203 1715 1244 1782 de
1267 1715 1395 1782 duobus
1418 1717 1502 1784 Lon·

451 1817 558 1884 doniis
590 1823 625 1884 et
659 1819 815 1886 Eboracae
845 1819 1034 1906 metropolis
1066 1819 1232 1907 episcopis,
1268 1839 1368 1907 quam
1401 1821 1502 1888 etiam

449 1923 538 2008 apud
568 1942 627 1990 vos
659 1922 772 1988 haberi
805 1943 873 1988 non
906 1921 1102 1988 dubitamus.
1159 1919 1224 1988 Sed
1257 1922 1326 2010 ipse
1360 1923 1501 2010 primum

448 2025 642 2112 pontificeiis
676 2046 769 2113 apex,
801 2027 858 2112 qui
890 2030 970 2091 tuuc
1003 2026 1182 2092 Londoniee
1213 2025 1274 2091 sub
1311 2025 1433 2093 bonore
1467 2034 1501 2094 et

448 2136 638 2196 ornamento
671 2130 763 2217 pallii
795 2129 902 2195 fuerat
934 2128 1142 2216 conscriptus,
1175 2149 1234 2216 pro
1265 2149 1304 2195 eo
1339 2127 1501 2197 Dorover·

446 2232 561 2299 nensi¹
594 2233 723 2299 oblatus
754 2239 805 2298 est
838 2238 939 2318 atque
960 2251 1135 2298 concessus.
1181 2231 1270 2298 Nam
1293 2232 1372 2319 quia
1393 2232 1500 2302 beata

446 2335 678 2402 recordationis
707 2335 922 2423 Augustinus,
959 2336 1016 2422 qui
1047 2334 1185 2402 verbum
1219 2334 1284 2400 Dei
1316 2335 1500 2424 imperante

447 2438 603 2526 Grcgmio
632 2439 842 2504 ministrabat
864 2443 899 2503 et
932 2437 1159 2525 gloriosissime
1193 2438 1333 2504 ecclesiis
1367 2439 1499 2527 prefuit

446 2541 609 2620 Sononiae,
633 2541 670 2608 in
691 2543 805 2608 eadem
828 2540 964 2607 civitate
983 2541 1070 2607 diem
1093 2541 1186 2622 obiit,
1205 2546 1240 2607 et
1262 2563 1377 2630 corpus
1408 2543 1497 2611 illius

445 2646 482 2710 in
515 2645 649 2712 basilica
680 2645 770 2712 beati
804 2643 897 2710 Petri
933 2645 1154 2733 apostolorum
1191 2644 1355 2732 principis,
1397 2667 1496 2734 quam

444 2770 606 2816 sucoessor
636 2748 706 2816 eius
740 2748 938 2814 laurentius
975 2747 1125 2827 sacravit,
1163 2749 1333 2815 conditum
1370 2749 1495 2831 fuisset,

443 2854 552 2920 visum
585 2857 636 2921 est
658 2853 782 2920 cunctis
811 2852 920 2941 gentis
942 2857 1061 2919 nostrae
1092 2847 1304 2941 sapientibus,
1340 2851 1496 2939 quatinus

443 2958 478 3023 in
509 2958 568 3025 illa
598 2958 734 3024 civitate
766 2954 1037 3043 metropolitanus
1074 2952 1179 3021 honor
1215 2954 1398 3035 haberetur,
1436 2956 1495 3024 ubi

442 3084 557 3149 corpus
579 3066 704 3149 pausat,
728 3062 787 3147 qui
808 3058 860 3125 his
882 3058 1032 3146 partibus
1053 3056 1134 3124 fidei
1153 3058 1330 3125 veritatem
1348 3060 1494 3127 inseruit.

443 3165 545 3231 Cuius
566 3165 689 3251 itaque,
724 3164 807 3229 sieut
829 3182 889 3228 ves
911 3162 1009 3239 scitis,
1045 3162 1216 3249 dignitatis
1238 3162 1394 3229 honorem
1427 3162 1495 3251 pri·

441 3290 532 3333 mum
570 3286 629 3335 rex
659 3267 736 3333 Offa
772 3271 905 3353 propter
950 3264 1157 3330 inimicitiam
1194 3284 1270 3331 cum
1307 3264 1491 3332 venerabili

442 3370 656 3458 Lambrighto
677 3374 712 3435 et
743 3374 841 3457 gente
864 3368 1117 3434 cantuariorum
1148 3375 1312 3456 acceptam
1346 3376 1493 3437 evertere

441 3480 475 3539 et
497 3475 533 3539 in
555 3474 636 3539 duas
662 3472 831 3561 parochias
861 3472 1019 3558 dissipare
1041 3471 1141 3549 nisus,
1177 3475 1212 3536 et
1243 3470 1409 3559 piissimus
1440 3494 1492 3540 oo·

441 3576 607 3666 episcopus
641 3580 676 3642 ct
707 3580 890 3641 antecessor
919 3578 1028 3641 vester
1058 3574 1226 3641 Adrianus
1257 3581 1374 3663 rogatu
1407 3598 1490 3663 prae·

440 3679 522 3746 dicti
543 3680 629 3768 regis
651 3679 755 3746 facere
777 3679 885 3765 coepit,
911 3678 999 3764 quod
1030 3678 1120 3765 prius
1142 3698 1238 3744 nemo
1271 3680 1489 3767 praesumpsit,

439 3791 473 3850 ct
490 3783 685 3850 Marciorum
707 3782 880 3870 praesrdem
899 3780 999 3867 pallio
1018 3781 1147 3847 extulit
1193 3780 1359 3847 Neutrum
1377 3786 1490 3849 temen

439 3910 481 3954 ex
503 3886 555 3954 his
584 3888 759 3976 culpamus,
795 3906 876 3972 quos
901 3884 1059 3965 Christus,
1098 3888 1138 3949 ut
1173 3884 1342 3963 cmdimus,
1366 3890 1490 3951 esterna

437 3991 576 4057 victoria
606 3991 797 4079 triumphat.
844 3988 909 4055 Sed
942 3994 1054 4053 tamen
1088 3986 1315 4053 excellentiam
1344 3994 1489 4055 vestrum

436 4096 576 4161 humiles
590 4116 771 4175 exoramus,
786 4090 907 4179 quibus
929 4114 949 4156 a
972 4090 1043 4157 Deo
1057 4090 1175 4155 merito
1197 4091 1367 4177 sapientise
1389 4090 1489 4158 clavis

436 4200 554 4265 collata
587 4202 645 4276 ast,
679 4204 719 4263 ut
741 4194 921 4284 superbae
950 4216 1048 4259 causa
1069 4214 1143 4259 eum
1166 4193 1369 4280 sapientibus
1400 4216 1488 4280 quse-

435 4301 524 4381 ratis‚
548 4309 583 4368 et
605 4300 761 4389 quioquid
782 4298 877 4365 vobis
900 4297 1061 4374 videatur,
1094 4296 1189 4362 nobis
1219 4302 1333 4383 postea
1354 4318 1487 4363 servan·

435 4407 514 4471 dum
543 4404 718 4470 rescribere
751 4400 941 4490 dignemini,
976 4423 1018 4465 nc
1047 4400 1161 4467 tunica
1184 4398 1307 4466 Christi
1337 4398 1487 4467 inconsu-

434 4508 503 4576 tilis
534 4506 671 4574 alicuius
704 4506 792 4573 inter
824 4526 884 4572 nos
916 4501 1125 4571 dissensionis
1158 4502 1297 4569 schisma
1327 4504 1483 4591 patiatur,

734 4865 945 4937 'neeman
958 4866 1104 4928 Domvemi,
1114 4866 1170 4921 MS.
