3542 5800
444 911 492 962 nn
513 909 630 962 omns
650 909 772 964 aaron
792 909 976 962 aron-n
1001 896 1051 962 66.
1231 897 1297 968 307

244 1099 306 1165 bus
328 1119 514 1186 possessam.
560 1095 691 1164 Deinde
705 1098 894 1164 convocatis
916 1095 1102 1183 proceribus
1124 1095 1191 1162 suis
1206 1092 1294 1182 apud
1308 1107 1437 1160 Hiscere-

244 1201 454 1270 Wintoniam
490 1206 663 1268 coronatus
695 1206 746 1267 est
780 1221 841 1266 rex
871 1201 976 1266 totius
1010 1199 1202 1279 Britanniae,
1235 1191 1398 1264 ubi⁰²L
1306 1177 1398 1228 nerim

245 1306 389 1372 edictum
420 1305 505 1383 fecit,
540 1310 580 1371 ιιι
613 1305 655 1370 ab
688 1303 747 1370 illo
780 1305 834 1370 dic
856 1325 968 1370 onmes
992 1301 1139 1370 Saxones
1162 1307 1195 1368 et
1217 1301 1293 1370 Juti

244 1413 440 1476 vocarentur
454 1409 565 1496 Angli,
587 1414 621 1475 et
643 1407 751 1474 insula
765 1413 938 1474 vocaretur
952 1407 1082 1496 Anglia
1128 1405 1293 1495 Egbertus
1305 1407 1410 1478 Anulis·

246 1513 386 1600 deniqne
407 1533 494 1578 unus
515 1533 560 1578 ex
581 1517 654 1578 octo
676 1511 810 1600 regibus
838 1509 913 1592 fuit,
944 1511 1001 1598 qui
1023 1515 1129 1578 totam
1151 1510 1292 1578 insulam

245 1639 346 1705 usque
379 1617 422 1682 od
455 1637 545 1682 mare
578 1613 742 1682 Gallicum
773 1613 985 1701 subiugatum
1021 1615 1173 1702 possedit
1236 1613 1464 1680 ltaWiUMalm·

243 1725 316 1788 tota
330 1719 506 1786 Britannia
527 1719 654 1807 potitus
674 1718 840 1806 reliqum
861 1717 944 1784 vitae
965 1739 1024 1804 per
1046 1739 1150 1784 annos
1172 1683 1340 1784 novem¹b¹

244 1825 423 1912 tranquille
467 1823 622 1902 cucurrit,
655 1822 721 1886 nisi
762 1822 925 1908 qnodex
926 1822 1039 1888 tremis
1071 1819 1140 1886 fere
1177 1819 1292 1888 diebus

245 1949 361 1994 manns
382 1926 555 1993 Dancrum
586 1923 725 2011 piratica
746 1923 966 1990 littoribus
938 1945 1008 1990 elus
1030 1923 1166 2012 appulsa
1188 1925 1291 1991 otium
1304 1929 1362 1980 Dan
1364 1931 1403 1982 iah

244 2031 338 2119 regni
359 2030 507 2096 foedavit.
562 2028 619 2094 Ito
639 2031 791 2093 versatur
820 2027 1039 2094 humanarum
1071 2049 1180 2094 rerum
1211 2000 1349 2106 aloa,¹¹²
1350 2000 1402 2051 Μ
1387 2015 1440 2052 ⁰¹¹⁸

246 2139 285 2200 ut
324 2134 449 2221 primus
489 2131 641 2198 omnibus
686 2130 805 2216 Anglis
848 2130 1042 2217 imperitans
1080 2135 1292 2218 cognatorum

245 2237 436 2324 obsequium
464 2241 572 2324 posset
603 2233 697 2322 parvi
730 2233 879 2320 pendere,
904 2234 984 2298 dnm
1007 2238 1164 2298 externus
1185 2234 1271 2300 host
1246 2239 1291 2300 trs
1306 2237 1461 2304 septiens

245 2363 279 2406 se
311 2361 450 2426 suosque
482 2361 551 2404 non
581 2337 745 2403 sineretur
778 2337 944 2402 incessere.
1000 2337 1174 2403 Exercitus
1204 2337 1292 2402 enim
1305 2306 1438 2424 {effla

244 2443 415 2510 Dancrum
437 2438 614 2530 piraticus¹,
638 2445 811 2528 postquam
833 2439 922 2527 apud
937 2439 1093 2506 Dunemu
1095 2440 1188 2506 tham
1210 2440 1293 2507 victi
1305 2440 1340 2490 A.
1353 2440 1385 2491 D·
1398 2447 1446 2490 ⁸³³

244 2552 278 2613 et
301 2547 410 2634 fugati
434 2545 577 2626 fuerunt,
604 2542 805 2629 Schcpeiam‚
829 2542 865 2608 id
893 2548 952 2624 est,
984 2543 1109 2610 Ovium
1136 2543 1291 2622 Insulam,
1305 2508 1356 2558 Μ
1367 2514 1423 2562 Μ

246 2649 428 2736 depraedati
460 2653 546 2714 sunt
614 2645 858 2733 Applicuerunt
892 2646 981 2710 enim
1014 2646 1138 2712 ibidem
1172 2649 1293 2735 pagani

244 2752 294 2818 illi
323 2773 397 2818 cum
420 2749 563 2846 navibus
593 2748 734 2836 triginta
766 2748 923 2834 quinque,
947 2753 981 2814 et
1015 2748 1156 2836 spoliata
1186 2751 1294 2816 insula

244 2855 301 2922 iila
332 2854 573 2941 navigavenmt
600 2857 634 2918 et
657 2850 901 2939 applicuerunt²
925 2850 961 2916 in
982 2850 1052 2919 loco
1074 2854 1130 2940 qni
1155 2853 1292 2921 (istrum

244 2964 453 3047 nuncupatur
465 2982 475 3039 ;
511 2956 632 3045 praedis
660 2955 785 3021 ibidem
807 2960 842 3021 et
864 2954 977 3042 spoliis
1011 2962 1175 3037 vacantes,
1210 2958 1292 3023 nulli

245 3064 338 3129 sexui
360 3064 581 3149 pepercerunt
629 3058 729 3125 Unde
760 3080 819 3124 rex
841 3056 1006 3145 Egbertus
1040 3058 1169 3146 ingenti
1200 3081 1292 3125 exer-

245 3166 314 3232 citu
348 3168 544 3251 congregato
566 3164 682 3229 contra
715 3160 889 3248 predictos
921 3182 1065 3247 paganos
1078 3160 1212 3227 *vexilla
1243 3162 1292 3227 di-

244 3269 331 3334 rexit
364 3272 398 3333 et
429 3288 527 3331 arma
607 3262 673 3330 Sed
710 3262 801 3329 Dani
834 3267 910 3351 post
939 3262 1078 3329 nimiam
1108 3263 1186 3331 hinc
1216 3263 1293 3331 inde

244 3372 372 3437 illatam
403 3374 547 3457 stragem
578 3366 650 3433 alea
682 3366 763 3431 belli
794 3366 1049 3453 praeveluerunt
1096 3366 1294 3433 Ceciderunt

243 3475 357 3560 itaque
377 3472 467 3537 inter
497 3474 622 3537 ceteros
645 3468 841 3535 Herefridus
862 3468 1166 3535 wintoniensist
1132 3474 1166 3535 et
1189 3468 1293 3559 Sigel-

244 3598 318 3643 mus
350 3572 635 3641 schireburnensis
669 3572 811 3661 episcopi
844 3593 919 3639 cum
957 3572 1093 3641 ducibus
1127 3573 1292 3641 Dudat
1258 3596 1276 3641 e
1277 3578 1410 3695 1³⁰ss
1371 3574 1462 3627 uena

245 3678 421 3745 Fsmundo
467 3677 540 3758 Quo
577 3675 665 3743 facto
715 3675 885 3741 Walcnses
922 3697 996 3741 cum
1031 3674 1138 3743 Danis
1169 3644 1437 3765 1ιιιιιιίιιᾳῗηῃῑ,ιι

245 3781 402 3848 viribus
393 3802 469 3867 rgne
490 3787 525 3847 et
555 3780 640 3847 ferro
667 3800 810 3897 regnum
832 3778 969 3865 Egberti
1000 3778 1195 3847 invadentes
1226 3802 1294 3847 cas·
1280 3780 1373 3831 ...AD
1385 3782 1434 3829 ⁸³⁵

245 3884 324 3951 tella
367 3882 438 3949 eius
474 3888 510 3949 et
553 3882 733 3971 municipia
776 3882 905 3947 diruere
949 3883 1151 3969 satagebant.
1219 3864 1338 3963 (13101ῃ
1321 3849 1423 3899 ΜΜ

96 3968 108 3989 ”
206 3984 212 3996 ’
245 3986 370 4066 audito,
403 4007 463 4052 rex
496 3986 663 4074 Egbertus
697 4008 771 4052 cnm
805 3984 952 4051 exercitu
985 3986 1113 4071 copioso
1144 3985 1294 4051 hostibus

245 4110 415 4156 occurrens
444 4090 624 4155 maximam
658 4111 701 4155 ex
734 4088 944 4155 obstantibus
973 4091 1117 4176 stragem
1138 4088 1224 4167 fecit,
1260 4093 1295 4154 et
1428 4098 1432 4106 ’

246 4194 381 4260 tandem
404 4192 516 4258 Danos
539 4214 613 4259 cum
631 4192 841 4257 Walensibns
863 4192 1054 4256 damnosam
1076 4190 1160 4256 inire
1182 4192 1293 4279 fugam

244 4297 361 4384 coegit,
402 4296 610 4383 patriamque
652 4296 694 4361 ab
725 4293 870 4359 hostium
913 4293 1095 4380 irruptione
1128 4293 1292 4361 liberavit

246 4399 297 4466 Ac
318 4420 387 4465 non
408 4400 514 4464 multo
544 4402 621 4485 post
642 4396 730 4464 idem
752 4418 813 4462 rex
835 4394 1002 4483 Egbertus
1034 4418 1159 4461 novum
1182 4396 1293 4463 Dano-

246 4525 319 4569 rum
335 4502 571 4569 adventantem
593 4502 774 4569 exercitum
796 4499 993 4567 contritione
1015 4501 1110 4587 gravi
1125 4504 1294 4567 conterens

515 4710 642 4718 ..——.
656 4708 1001 4717 ---..-....—-———-—-.
1026 4708 1031 4713 .
1059 4708 1062 4713 .
1136 4710 1153 4715 ,,
1178 4710 1295 4717 w

283 4846 435 4911 ’ριἰιιίιιι]
448 4846 563 4910 piratici,
575 4844 633 4898 Ms.
762 4844 767 4912 Ι
830 4842 1034 4911 ἀρριίιιιιιιι]
1049 4846 1184 4911 applicant,
1196 4846 1252 4897 MS.

1142 4954 1167 5004 U
1183 4941 1203 5002 2
