3542 5800
459 885 527 952 240
727 901 793 952 mc.
817 901 864 950 us
885 899 1017 951 emmo
1041 899 1130 951 seno.
1153 896 1239 950 mss.

290 1127 355 1177 nen.
368 1127 445 1176 Hm·
459 1071 535 1178 pars
566 1090 727 1156 Cutbredi
750 1091 835 1178 mgis
856 1091 954 1157 valde
977 1087 1172 1156 confortata¹
1206 1093 1263 1154 est
1309 1086 1507 1153 Tonitruum

289 1195 358 1310 ΕΡ·
374 1198 429 1252 ⁷2⁸2
459 1216 535 1279 ergo
565 1193 643 1257 belli
681 1200 716 1259 et
753 1195 881 1259 sonitus
914 1193 1041 1259 ictuum
1075 1193 1295 1277 clamoresque
1326 1190 1403 1255 hinc
1434 1188 1512 1253 inde

459 1296 646 1360 cadentium
668 1296 861 1362 terribiliter
892 1301 1117 1382 personarunt.
1164 1295 1247 1382 Spes
1269 1294 1357 1360 enim
1389 1298 1506 1357 mutuo

456 1399 602 1465 victoriae
624 1405 721 1477 certa,
746 1397 957 1486 [memoria]2
986 1399 1073 1486 fugae
1096 1395 1194 1463 nulla.
1241 1395 1307 1462 Sed
1328 1397 1419 1460 Deus
1435 1399 1509 1458 tan·

458 1502 541 1580 dem,
577 1503 635 1588 qui
669 1503 817 1589 superbis
839 1501 965 1567 resistit
996 1507 1031 1567 et
1064 1501 1245 1566 humilibus
1269 1499 1327 1564 dat
1358 1498 1510 1585 gratiam,

290 1630 380 1679 astam
458 1605 693 1669 Ethelbaldum
732 1606 768 1668 in
801 1604 913 1691 fugam
953 1604 1121 1690 compulit,
1154 1609 1189 1668 et
1222 1603 1301 1668 laeta
1340 1600 1511 1666 Outhredo

290 1697 420 1813 ἵῧῑωξόθ
457 1706 597 1772 victoria
636 1708 795 1793 provenit
843 1706 1032 1772 Ouohredus
1063 1728 1142 1772 vero
1175 1727 1236 1771 rex
1262 1703 1511 1790 potentissimus

290 1791 382 1893 psam:
395 1800 434 1880 cl.
458 1809 608 1897 plurimis
647 1810 921 1896 prosperitatibus
966 1815 1002 1874 et
1040 1807 1189 1875 victoriis
1227 1808 1355 1894 potitus
1394 1807 1511 1872 mortis

290 1897 443 2013 {leffium
458 1912 669 1978 inclementia
701 1913 807 1977 vitam
838 1912 958 1977 finivit.
1021 1910 1085 1978 Oui
1123 1911 1277 1978 successit
1314 1909 1351 1974 in
1373 1931 1509 1997 regnum

290 1980 445 2147 &narba
460 2015 720 2081 Occidentalium
744 2015 915 2080 Saxonum
939 2015 1130 2102 Sigebertus
1154 2019 1313 2102 cognatus
1338 2012 1416 2078 eius.

514 2439 764 2508 Communem.
809 2443 861 2512 De
882 2441 1052 2529 Sipcbcrto
1074 2465 1148 2530 repe
1172 2439 1447 2512 occidentalium

890 2547 1078 2614 Scaeuam.

290 2764 423 2816 cabrera
505 2746 701 2815 Ourunsno
734 2769 811 2836 rege
833 2747 1097 2815 Occidentalium
1121 2748 1292 2816 Saxonum
1324 2747 1414 2814 viam
1439 2745 1511 2812 uni·

290 2848 427 2965 ἐἴξῃ
460 2872 563 2917 versae
608 2851 715 2917 carnis
758 2852 914 2938 ingresso,
961 2851 1104 2939 arripuit
1141 2873 1278 2941 regnum
1321 2851 1513 2940 Sigehertus

290 2995 361 3045 Ἧι,
459 2960 619 3041 cognatus
652 2954 824 3035 Cuthredi,
856 2956 911 3019 vir
944 2956 1032 3042 apud
1068 2977 1143 3022 suos
1181 2956 1313 3022 saevitia
1349 2956 1512 3031 immanis,

290 3062 421 3140 malmesb.
459 3058 613 3144 idemque
636 3057 771 3146 ignavia
793 3058 993 3145 perinfamis.
1041 3058 1108 3124 Sed
1131 3058 1229 3124 brevi
1260 3062 1407 3145 tempore
1422 3057 1514 3123 ,illud

289 3136 446 3273 {lisshp‘ffi'
460 3161 577 3226 tenuit.
623 3160 711 3226 Nam
744 3181 787 3228 ex
820 3160 1065 3247 praedecessoris
1088 3161 1140 3226 sui
1172 3160 1347 3227 eventibus
1369 3158 1513 3226 insolens

289 3258 395 3340 wasm‘„
459 3271 495 3330 et
527 3264 734 3344 tumefactus,
758 3263 861 3329 etiam
883 3263 951 3329 suis
974 3263 1161 3329 domesticis
1195 3262 1411 3329 intolerabilis
1441 3262 1513 3327 fuit.

289 3354 431 3475 “land
461 3366 546 3433 (lum
570 3373 682 3432 autem
704 3365 811 3431 modis
827 3365 981 3431 omnibus
996 3366 1082 3432 male
1105 3370 1265 3432 tractaret
1281 3388 1345 3447 eos,
1361 3366 1514 3452 legesque

288 3436 446 3541 lleallun't.
460 3475 701 3535 antecessorum
738 3489 874 3535 suorum
910 3474 1045 3557 propter
1081 3469 1288 3535 commodum
1326 3490 1423 3534 suum
1458 3466 1515 3533 vel

288 3552 430 3671 7A551'·⁷⁵⁴›
461 3570 656 3658 depravaret
686 3570 742 3637 vel
777 3577 933 3653 mutaret,
959 3570 1106 3639 Ournbra
1139 3570 1253 3637 consul
1289 3570 1513 3637 nobilissimus

288 3702 312 3752 p.
326 3659 383 3753 7'29,
396 3692 424 3743 c.
459 3675 530 3761 regi
553 3674 657 3741 totius
679 3675 794 3762 populi
816 3674 1038 3762 querimonias
1060 3674 1240 3749 intimavit.
1298 3674 1405 3755 Quem
1435 3672 1515 3759 quia

458 3800 568 3865 regem
610 3778 714 3843 suasit
759 3783 800 3845 ut
843 3778 953 3845 lenius
994 3778 1153 3866 populum
1191 3778 1256 3843 sibi
1303 3777 1512 3844 commissum

457 3886 592 3969 regeret,
628 3887 663 3947 et
700 3880 946 3947 inhumanitate
977 3882 1126 3968 deposita
1156 3880 1229 3946 Deo
1260 3884 1296 3946 et
1324 3880 1514 3945 hominibus

456 3984 609 4051 amabilis
640 3991 821 4072 appareret,
844 4005 922 4050 mox
949 4006 1009 4049 rex
1040 3983 1145 4069 impia
1175 4004 1253 4048 nece
1287 3982 1383 4047 illum
1414 3982 1513 4047 iussit

457 4088 569 4166 occidi,
580 4086 766 4174 populoque
781 4085 993 4172 postmodum
1008 4084 1284 4175 saevior-‘existens
1298 4084 1511 4171 tyrannidem

456 4190 695 4277 augmentavit.
742 4190 816 4271 Quo
850 4188 937 4255 lacto
972 4193 1200 4255 convenenmt
1234 4209 1382 4275 proceres
1416 4187 1512 4275 regni

286 4324 409 4389 pem
456 4314 530 4357 cum
553 4294 674 4379 populo
695 4293 858 4372 universo,
882 4298 917 4358 et
940 4292 1080 4379 provida
1103 4292 1250 4357 omnium
1273 4290 1512 4357 deliberatione

456 4394 612 4481 expulsus
635 4400 686 4459 est
708 4417 729 4459 a
754 4417 865 4482 regno,
889 4400 924 4460 et
948 4394 1156 4485 Kinewllusm
1170 4394 1300 4461 iuvenis
1333 4394 1375 4459 de
1409 4394 1512 4479 stirpe

488 4736 496 4773 ¹
513 4739 664 4807 confortata]
682 4740 804 4804 conforta,
816 4739 873 4792 MS.
1040 4744 1050 4773 ²
1067 4740 1191 4807 memoria]
1209 4754 1258 4791 om.
1271 4739 1327 4791 MS.
1360 4738 1408 4790 Sec
1418 4738 1513 4791 Motu.

1007 4821 1112 4873 Wesun.
