3542 5800
482 899 529 948 na
560 900 673 947 aasrrs
705 898 826 947 asora
854 898 1038 947 sana-11.
1056 881 1082 945 6.
1266 882 1307 945 65

256 1089 392 1171 petrum
419 1084 590 1150 institutio
620 1084 758 1149 invenit.
820 1082 1057 1147 Britannorum
1089 1102 1167 1147 vero
1198 1102 1309 1151 onmes

256 1188 422 1275 episcopos
467 1192 537 1253 tuse
577 1186 782 1253 fraternitati
820 1185 1066 1263 committimus,
1106 1190 1146 1250 at
1184 1182 1310 1249 indocti

256 1289 443 1367 doceantur,
458 1290 582 1354 infirmi
605 1290 814 1377 persuasione
839 1287 1043 1364 roborentur,
1066 1286 1209 1375 perversi
1235 1306 1310 1351 auo·

256 1392 390 1458 toritate
413 1390 648 1479 corrigantur.''

300 1492 531 1579 Interropcrtio
548 1493 636 1561 beati
650 1491 859 1578 Augustini.
908 1492 971 1557 “Si
995 1514 1169 1581 praegnans
1191 1491 1310 1557 mulier
1323 1500 1345 1549 8.
1359 1496 1454 1549 Should

258 1596 376 1663 debeat
405 1596 594 1683 baptizarit
622 1601 682 1662 aut
710 1600 886 1681 postquam
916 1598 1075 1681 genuerit,
1103 1600 1177 1683 post
1206 1578 1477 1682 quan-{fffiii'fy’

257 1704 330 1763 tum
359 1706 490 1785 tempus
520 1700 625 1785 possit
655 1698 823 1764 eeclesiam
853 1698 1003 1765 intraret
1040 1702 1100 1765 aut
1137 1698 1236 1763 etiam
1267 1719 1308 1761 ne
1321 1698 1438 1757 birram

255 1806 362 1866 morte
391 1808 638 1889 praeoeeupetur
672 1801 762 1885 quod
808 1802 970 1887 genuerit,
1008 1806 1084 1887 post
1121 1806 1203 1887 quot
1240 1800 1309 1865 dies
1321 1774 1460 1883 {igss'iff'

255 1902 317 1969 hoc
355 1904 454 1969 liceat
500 1904 586 1969 sacri
622 1902 836 1990 baptismatis
879 1906 1085 1969 sacramenta
1121 1898 1469 1990 percipererdudstom

256 2012 315 2072 aut
345 2010 421 2093 post
450 2010 612 2091 quantum
642 2010 774 2092 tempus
810 2005 888 2071 huic
925 2005 978 2071 vir
1017 2026 1095 2069 suus
1133 2004 1237 2091 possit
1273 2006 1308 2069 in
1321 1964 1475 2095 ffiiiirigi.

254 2110 362 2173 carnis
390 2108 598 2195 copulatione
628 2108 806 2194 coniungit
834 2113 895 2173 aut
925 2108 953 2173 ei
983 2112 1153 2173 menstrua
1175 2129 1307 2174 consue-
1320 2098 1398 2163 stip?

256 2210 372 2276 tudine
397 2215 540 2289 tenetur,
564 2234 609 2276 an
631 2210 798 2277 ecclesiam
819 2209 945 2276 intrare
961 2212 991 2275 ei
1007 2211 1111 2289 liceat,
1131 2215 1190 2277 aut
1210 2232 1309 2277 sacras

255 2314 493 2379 communionis
519 2318 724 2379 sacramenta
749 2312 937 2399 perciperet
966 2317 1024 2379 aut
1054 2314 1107 2379 vir
1136 2336 1203 2381 ause
1234 2336 1308 2381 con-

257 2416 326 2502 iugi
349 2416 544 2501 permixtus,
578 2416 770 2502 priusquam
800 2416 931 2481 lavetur
956 2438 1049 2503 aqua,
1080 2416 1110 2483 si
1141 2416 1308 2485 ecclesiam

255 2519 358 2604 possit
387 2519 538 2584 intraret
568 2518 623 2584 vel
646 2519 750 2585 etism
776 2518 819 2585 ad
848 2519 1043 2605 mysterium
1069 2519 1309 2587 communionis

254 2642 354 2687 samse
390 2622 564 2688 accederet
609 2621 693 2701 Quae
729 2621 842 2687 omnia
879 2622 954 2689 rudi
993 2622 1179 2710 Anglorum
1215 2622 1310 2709 genti

255 2728 387 2809 oportet
407 2723 524 2789 haberi
546 2723 743 2809 comperta''

297 2824 488 2914 Responsio
509 2825 598 2894 tacti
613 2824 777 2914 Gregorii.
826 2835 843 2863 '‘
857 2824 933 2893 Hoc
951 2848 1019 2893 non
1041 2828 1173 2918 ambigo
1195 2828 1311 2895 frater-

256 2931 397 2995 nitatem
434 2937 527 2996 tuam
566 2952 635 2996 esse
673 2930 873 3016 requisitam,
914 2931 967 2998 cui
1008 2933 1074 2997 iam
1119 2953 1308 3019 responsum

255 3032 434 3098 reddidisse
471 3054 525 3097 me
561 3033 711 3099 arbitror.
772 3032 840 3099 Sed
868 3033 930 3100 hoc
968 3034 1057 3120 quod
1094 3036 1163 3121 ipsc
1201 3035 1308 3099 dicere

257 3140 292 3199 et
317 3135 441 3200 sentire
468 3135 617 3221 potuisti,
649 3134 746 3200 credo
776 3137 855 3222 quia
884 3157 959 3200 mea
988 3137 1076 3222 apud
1102 3142 1136 3202 te
1167 3135 1309 3202 volueris

256 3236 466 3324 responsione
496 3237 548 3304 uti
572 3243 608 3302 et
637 3237 771 3304 firmari.
833 3237 955 3304 Mulier
984 3238 1107 3304 etenim
1137 3261 1310 3326 praegnans

256 3361 313 3408 cur
340 3362 410 3406 non
437 3339 557 3406 debeat
579 3340 754 3428 baptizari,
785 3363 860 3407 cum
881 3361 949 3406 noa
975 3341 1121 3408 sitente
1152 3340 1309 3429 Omnipo-

255 3443 357 3508 tentis
370 3441 445 3508 'Dei
467 3442 576 3509 oculos
598 3442 694 3530 culpa
715 3443 826 3529 aliqua
844 3443 1028 3510 fecunditas
1048 3445 1176 3514 carnis?
1220 3444 1308 3510 Nam

257 3566 330 3611 cam
369 3545 468 3630 primi
508 3551 662 3632 parentes
690 3547 796 3611 nostri
832 3546 869 3612 in
906 3546 1056 3633 paradiso
1083 3547 1307 3633 deliquissent,

255 3648 541 3714 immortalitatem
566 3669 666 3734 quam
691 3655 881 3735 acceperant
906 3655 995 3715 recto
1017 3649 1080 3714 Dei
1103 3650 1222 3716 iudicio
1238 3673 1309 3738 per-

255 3750 422 3816 diderunt.
469 3749 556 3831 Quia
581 3751 694 3836 itaque
719 3751 807 3816 idem
835 3751 1052 3838 Omnipotens
1080 3752 1169 3818 Deus
1194 3752 1309 3818 huma-

255 3874 335 3918 num
365 3874 470 3939 genus
499 3875 558 3938 pro
589 3852 686 3939 arripe
714 3875 775 3918 sua
800 3853 950 3919 funditus
976 3855 1167 3939 extinguere
1191 3855 1307 3935 noluit,

255 3961 290 4019 et
315 3953 602 4020 immortalitatem
626 3954 754 4020 homini
779 3977 838 4042 pro
862 3961 995 4042 peccato
1019 3977 1078 4020 suo
1102 3955 1251 4034 abstulit,
1275 3963 1308 4022 et

255 4063 370 4122 tamen
407 4077 467 4143 pro
495 4056 711 4142 'benignitate
749 4080 818 4123 suae
848 4058 983 4144 pictatis
1013 4055 1249 4122 fecmrditatem
1279 4059 1310 4124 ei

254 4159 376 4224 sobolis
413 4158 602 4224 reservavit.
665 4160 762 4241 Quod
800 4181 877 4246 ergo
911 4165 1039 4224 naturae
1076 4157 1229 4226 humanae
1268 4181 1310 4226 ex

256 4258 507 4348 Omnipotentis
545 4260 610 4327 Dei
648 4261 734 4328 dono
771 4267 939 4328 servatum
976 4265 1035 4342 est,
1074 4283 1139 4347 qua
1182 4264 1309 4330 ratione

256 4364 380 4448 poterit
404 4385 426 4428 a
448 4365 531 4428 sacri
561 4363 772 4450 baptismatis
797 4366 908 4451 gratia
934 4363 1124 4450 prohiberi?
1181 4365 1222 4430 In
1252 4366 1309 4432 illo

256 4467 379 4551 quippe
409 4464 576 4550 mysteria
607 4467 644 4530 in
674 4487 738 4551 quo
769 4467 875 4531 omnis
902 4465 997 4553 culpa
1021 4466 1171 4532 funditus
1201 4468 1308 4533 extin-

256 4567 381 4652 guitur,
411 4567 510 4632 valde
547 4567 688 4632 stultum
723 4573 782 4649 est,
813 4568 842 4633 si
872 4570 995 4633 donum
1028 4569 1144 4656 gratiae
1182 4575 1308 4636 contra·

257 4667 362 4733 dicere
393 4669 556 4734 videatur.
611 4670 696 4735 Cum
726 4691 805 4736 vero
829 4670 929 4736 enixa
950 4670 1052 4736 fuerit
1080 4671 1206 4750 mulier,
1235 4679 1309 4759 post

257 4774 339 4857 quot
364 4771 435 4837 dies
462 4769 580 4838 debeat
607 4771 773 4839 ecclesiam
804 4773 938 4854 intrare,
964 4773 1165 4840 Testamenti
1188 4775 1308 4842 veteris

1109 4905 1130 4957 Ε
