3542 5800
444 875 510 938 236
713 887 778 938 ruo.
802 887 849 938 nu
870 887 1005 938 omaro
1029 889 1117 940 srnc.
1141 889 1226 940 nrsr.

444 1073 545 1137 tionis
571 1075 641 1138 sinc
664 1074 732 1139 ulla
755 1074 1014 1140 consideratione
1038 1073 1177 1138 rationis
1200 1074 1379 1161 periculose
1403 1073 1498 1141 dissi-

443 1179 572 1261 pentur,
598 1176 662 1240 nisi
686 1176 867 1242 autoritate
896 1177 1086 1242 litterarum
1116 1182 1151 1242 et
1175 1178 1366 1244 testimonio
1390 1178 1496 1244 chiro·

442 1277 642 1364 grapborum
663 1284 797 1344 aeternae
819 1280 986 1344 memoriae
1009 1279 1134 1345 inserta
1163 1281 1240 1347 sint.
1287 1279 1497 1368 Quapropter

444 1402 504 1465 ego
541 1380 766 1459 Ethelbuldus‚
800 1382 865 1447 Dei
902 1381 1077 1448 clementia
1109 1405 1169 1450 rex
1207 1383 1412 1461 Merciorum,
1436 1406 1494 1470 pro

443 1504 553 1547 amore
577 1484 718 1549 coelestis
750 1486 868 1572 patrias
902 1491 937 1550 et
973 1485 1117 1550 remedio
1155 1486 1275 1552 animae
1308 1507 1390 1554 mese
1425 1484 1497 1552 tru-

443 1587 587 1650 dendum
609 1609 677 1652 esse
699 1588 848 1674 praevidi,
872 1593 911 1652 ut
944 1610 1023 1664 eam,
1047 1587 1171 1654 scssicet
1204 1590 1348 1656 animem
1380 1611 1495 1668 meam,

442 1711 501 1775 per
536 1688 624 1754 bona
662 1712 760 1777 opera
791 1691 930 1756 liberam
968 1689 1127 1756 efficerem
1165 1691 1208 1758 ab
1246 1691 1335 1756 omni
1366 1693 1496 1758 vinculo

443 1793 644 1858 delictorum.
705 1794 795 1859 Dum
832 1794 921 1858 enim
953 1793 1035 1860 mihi
1072 1795 1280 1881 omnipotens
1314 1793 1406 1860 Deus
1438 1817 1496 1882 per

443 1897 699 1962 misericordiam
730 1896 914 1962 clementiae
948 1919 1016 1962 suae
1039 1897 1161 1982 absque
1188 1897 1257 1962 ullo
1283 1898 1496 1963 antecedente

443 2001 561 2064 merito
584 2008 712 2086 sceptra
741 2000 910 2086 regiminis
939 1999 1078 2086 largitus
1112 2005 1171 2080 est,
1195 1999 1269 2066 ideo
1300 1999 1442 2067 libenter
1464 2001 1495 2065 ei

277 2103 431 2168 Exempuou
444 2125 486 2168 ex
516 2124 555 2167 eo
578 2103 668 2188 quod
698 2103 790 2170 dedit
819 2102 975 2169 retribuo.
1034 2101 1145 2167 Huius
1176 2103 1223 2168 rei
1255 2103 1364 2190 gratia
1394 2103 1495 2168 dona<

276 2171 433 2288 sigim?
443 2206 568 2270 tionem
591 2229 644 2270 me
674 2205 810 2272 vivente
840 2204 990 2282 concede,
1021 2209 1061 2270 ut
1090 2204 1202 2271 omnia
1239 2207 1439 2272 monestede
1460 2210 1495 2272 et

275 2304 424 2420 {22¹3ng
443 2307 585 2373 ecclesiae
615 2308 709 2393 regni
730 2308 796 2376 mei
818 2331 839 2374 a
868 2307 1008 2394 publicis
1030 2306 1250 2394 vectigalibus
1280 2312 1315 2374 et
1344 2308 1496 2395 operibus

348 2409 355 2431 ’
408 2409 414 2420 '
444 2417 479 2476 et
501 2411 655 2475 oneribus
677 2411 900 2488 absolvantur,
917 2411 981 2476 nisi
1003 2409 1278 2478 instructionibus
1301 2411 1426 2478 areium
1441 2412 1495 2477 vel

275 2529 411 2594 ausser
442 2513 604 2600 pontium,
637 2534 710 2598 quae
741 2535 912 2599 nunquam
942 2512 1004 2579 ulli
1034 2513 1177 2579 relaxari
1206 2519 1354 2600 possunt.
1407 2513 1495 2581 Prae·

275 2597 429 2730 {nuffing'
443 2623 535 2682 terea
556 2616 701 2682 habeant
722 2614 837 2682 famuli
859 2617 1026 2706 propriam
1056 2617 1244 2683 libertatem
1272 2616 1308 2683 in
1333 2616 1494 2684 fructibus

442 2721 600 2784 silvarum
615 2723 649 2785 et
671 2741 825 2806 agrorum
847 2725 883 2788 ct
905 2721 944 2786 in
962 2725 1100 2808 captura
1121 2719 1269 2807 piscium,
1285 2741 1345 2786 nec
1361 2741 1496 2787 munus-

441 2823 515 2888 cula
541 2823 710 2911 praebeant
732 2823 802 2910 regi
824 2823 878 2891 vel
902 2822 1105 2911 principibus
1128 2822 1193 2889 nisi
1208 2823 1415 2906 voluntaria3
1438 2825 1496 2891 sed

442 2928 538 2994 liberi
562 2928 633 2993 Deo
655 2926 837 2994 serviant.”
881 2928 928 2995 Et
951 2932 1066 2995 cetero.

275 3059 414 3125 00anoeoe
453 3075 456 3079 »
488 3031 706 3096 Ethelbaldus
727 3051 806 3095 vero
828 3052 888 3096 rex
913 3030 1108 3097 Mereiorum
1132 3030 1279 3096 exercitu
1300 3036 1495 3118 congregato

274 3127 398 3244 gilffihd·
443 3134 612 3201 castellum
628 3135 668 3199 dc
684 3134 859 3199 Somerton
881 3134 1051 3199 obsidione
1074 3134 1221 3199 vallavit.
1267 3134 1409 3199 Etcum
1429 3157 1496 3201 non

274 3244 528 3314 11en.Hunr.esset
552 3238 610 3323 qui
632 3237 766 3302 inclusis
788 3236 889 3303 ferret
911 3236 1081 3316 auxilium,
1113 3237 1220 3303 dietus
1242 3258 1302 3302 rex
1325 3237 1494 3305 castellum

274 3326 344 3393 inp.
358 3332 414 3391 ⁷²⁵³
442 3342 477 3404 in
500 3342 551 3405 ius
573 3362 671 3405 suum
692 3341 822 3427 recepit.
884 3339 951 3420 Qui
986 3340 1137 3426 deinceps
1163 3361 1260 3426 super
1289 3362 1401 3405 omnes
1422 3363 1497 3427 pro-

274 3393 304 3443 h
441 3444 568 3507 vincias
591 3442 722 3529 Angliae
736 3464 841 3529 usque
863 3442 907 3509 ad
929 3442 1053 3508 flumen
1074 3440 1248 3509 Humbriae
1264 3442 1416 3509 omnibus
1431 3443 1495 3508 sibi

275 3562 416 3612 fliedenu.
441 3544 573 3630 regibus
588 3544 771 3630 Anglorum
786 3546 942 3611 subiectis
964 3545 1125 3633 regnavit.
1178 3544 1325 3611 Tandem
1341 3546 1497 3632 praefatus

275 3628 393 3760 {iffi}
442 3670 501 3712 rex
528 3646 728 3712 ‹Merciorum
751 3646 968 3715 Ethelbsldus
991 3649 1080 3737 apud
1103 3648 1268 3735 Sigcwold
1297 3649 1455 3714 occiditur
1476 3672 1497 3715 a

273 3762 342 3812 Ab.
357 3765 413 3824 755,
443 3750 629 3816 Beornredo
644 3756 795 3834 tyranno,
819 3755 853 3815 et
874 3753 964 3837 apud
981 3751 1161 3837 Rependon
1183 3751 1375 3816 tumulatur.

273 3834 367 3957 ξ’νξιῗο·
488 3854 651 3920 Successit
666 3853 863 3921 Ethelboldo
879 3854 956 3921 Offa
971 3855 1088 3941 quinto
1103 3876 1190 3940 genu
1206 3852 1327 3919 Pendae
1343 3853 1494 3941 abnepos,

273 3946 403 4054 rumoso.
442 3958 496 4024 vir
519 3957 663 4045 ingentis
685 3958 797 4037 animi,
828 3961 864 4023 et
895 3957 951 4043 qui
983 3958 1094 4022 omnio
1117 3979 1190 4042 quae
1216 3962 1326 4023 mente
1348 3960 1495 4043 concepit

272 4057 290 4089 ¹·
303 4046 362 4157 ⁸⁶⁹·
443 4062 568 4128 efficere
589 4061 764 4147 proposuit.

877 4361 955 4428 Otr.
981 4358 1067 4427 LIX

641 4526 691 4593 De
707 4524 923 4593 AEtlrellordo
938 4548 1012 4614 repe
1033 4524 1292 4596 Wesleoeouom.

272 4694 344 4745 wiu.
488 4684 555 4751 Iun
580 4682 844 4752 Occidentalium
860 4681 1030 4749 Saxonum
1053 4706 1114 4749 rex
1137 4682 1289 4765 Romam,
1304 4683 1390 4749 sicut
1412 4704 1494 4769 prae-

272 4760 427 4891 ξῇωἴιζὸ,
441 4790 597 4865 misimus,
621 4808 756 4876 peregre
777 4809 837 4876 pro
872 4786 997 4855 Cluisti
1029 4808 1140 4855 amore
1174 4785 1341 4874 profectus
1363 4786 1494 4873 reliquit
