3542 5800
484 897 531 946 na
553 896 669 946 orsus
691 895 812 946 arsur
834 895 1016 946 lucu-11.
1041 881 1091 946 46.
1251 881 1314 946 189

267 1107 420 1172 prospera
444 1084 618 1170 impertiet,
646 1088 686 1148 ut
709 1105 831 1148 novum
859 1083 984 1150 Christi
1007 1083 1164 1170 populum
1193 1103 1317 1148 coacer-

266 1193 332 1264 vet,
356 1187 547 1253 catholicam
577 1191 612 1251 et
649 1185 857 1272 apostolicam
898 1185 945 1251 ibi
975 1186 1178 1251 constituens
1211 1185 1316 1251 fidem.

268 1290 435 1376 Scriptum
455 1294 505 1354 cst
523 1289 610 1353 enim
623 1285 644 1352 :¹
680 1287 845 1366 ‘Quaerite
868 1287 1010 1374 primum
1031 1309 1167 1374 reguum
1192 1287 1262 1364 Dei,
1283 1294 1317 1352 et

267 1391 431 1456 iustitiam
457 1391 534 1466 eius,
556 1395 591 1455 et
616 1388 686 1455 haec
712 1389 821 1455 omnia
844 1388 1027 1455 adicientur
1052 1389 1164 1456 vobia'
1209 1387 1317 1454 Nimi·
1440 1440 1444 1452 .

267 1515 341 1558 rum
375 1492 464 1557 enim
497 1497 631 1578 quaerat,
666 1495 702 1556 at
731 1491 929 1578 impetrabit,
958 1495 992 1556 et
1030 1492 1059 1556 ei
1097 1513 1209 1558 omnes
1246 1513 1314 1556 surse

266 1596 391 1672 insulae,
407 1599 447 1660 ut
468 1599 627 1680 optamus,
651 1593 839 1659 subdentiu.
887 1593 1028 1659 Paterno
1051 1593 1180 1680 itaque⁹
1196 1595 1314 1659 affeetu

266 1698 448 1762 salutantes
483 1701 627 1762 vestram
668 1682 903 1772 excellentiam,
942 1695 1100 1760 Divinam
1140 1716 1311 1781 precamur

267 1800 388 1886 iugiter
429 1797 643 1874 clementiam,
682 1817 757 1883 quae
792 1819 853 1862 vos
889 1803 1079 1884 vestrosque
1125 1818 1236 1862 omnes
1280 1797 1316 1860 in

267 1901 418 1967 omnibus
454 1900 605 1986 operibus
639 1899 735 1965 bonis
772 1899 925 1964 auxiliari
962 1899 1123 1986 dignetur,
1162 1904 1203 1964 ut
1239 1921 1312 1964 urm

266 2002 399 2070 Christo
432 2002 575 2089 regnetis
605 2002 641 2066 in
672 2001 784 2067 futuro
806 2001 932 2068 saeordo.
979 2000 1180 2066 Incolumem
1203 2001 1307 2066 excel-

265 2106 403 2171 lentiam
424 2111 568 2170 vestram
589 2125 730 2190 superna
752 2105 859 2191 pictas
881 2102 1075 2169 maudut?

268 2777 517 2842 courrrmrro.
564 2774 662 2858 Quod
684 2776 830 2862 proefato
860 2777 1020 2844 ll'iiuudo
1042 2780 1465 2867 defunctoTliao-Bed.iv.1.

312 2879 419 2997 dorae
455 2884 503 2944 est
531 2877 717 2945 ordinatus
752 2877 796 2945 iot
828 2879 1125 2971 archiepieoopum
1165 2883 1315 2953 Coretus-

311 3002 469 3048 rossum.

314 3174 540 3255 GwmARDUS,
574 3175 660 3241 sicut
691 3174 914 3262 praediximus,
942 3200 963 3242 a
993 3179 1124 3265 regibus
1159 3180 1250 3247 Oswi
1282 3188 1316 3249 et

268 3276 413 3363 Egberto
442 3279 485 3342 ad
515 3277 757 3364 suscipiendum
786 3278 1097 3366 archiepiscopatum
1129 3282 1316 3351 Cantuariae

269 3379 407 3444 Romam
444 3380 569 3458 missus,
608 3378 701 3445 ouius
737 3381 807 3446 sedi
855 3381 1040 3466 apostolica
1077 3389 1223 3473 tempore
1260 3388 1317 3453 illo

268 3481 463 3558 Vitalianus,
503 3482 544 3546 de
589 3502 654 3567 quo
699 3482 921 3568 praediximus,
959 3492 1105 3571 praeeret,
1144 3496 1317 3576 postquam

267 3583 394 3649 itineris
423 3584 475 3649 sui
504 3604 635 3649 causam
664 3584 802 3670 praefato
828 3606 922 3671 papae
949 3589 1124 3673 apostolico
1153 3592 1316 3677 patefecit,

267 3707 336 3751 non
356 3685 461 3752 multo
489 3690 565 3772 post
594 3691 628 3751 et
658 3684 728 3771 ipse
757 3690 792 3751 et
821 3708 934 3753 omnes
964 3710 1056 3776 paene
1086 3694 1144 3777 qui
1173 3716 1248 3759 cum
1278 3718 1317 3761 eo
1330 3723 1453 3775 umbos

269 3788 471 3853 advenerant
499 3787 578 3853 socii
615 3788 693 3867 eius,
722 3788 910 3875 pestilentia
939 3796 1188 3878 superveniente
1219 3796 1318 3863 delati
1331 3790 1458 3843 ortissu.

269 3894 354 3955 sunt.

312 3992 362 4056 At
387 3989 584 4077 apostolicus
607 4012 693 4078 papa
716 3990 830 4058 habito
856 3993 897 4060 de
920 3993 972 4061 his
998 3997 1140 4077 oonsilio,
1165 3998 1318 4083 quaesivit

269 4091 399 4158 sedulus
433 4114 530 4178 quem
561 4093 701 4159 ecclesiis
725 4096 908 4181 Auglorum
938 4097 1212 4185 archiepiscopum
1242 4102 1319 4167 mit·

269 4198 362 4260 teret
408 4194 491 4260 Erat
520 4201 632 4260 autem
661 4197 697 4260 in
726 4198 924 4263 monasterio
954 4198 1130 4267 Niridiuuo
1156 4204 1244 4288 quod
1269 4210 1449 4290 est'l'hepri-

271 4317 338 4361 non
368 4296 464 4384 longe
490 4320 511 4361 a
534 4294 677 4384 Neapoli
711 4297 909 4385 Campaniae,
935 4301 1036 4369 abbas
1066 4303 1240 4387 Adrianus,
1266 4293 1461 4410 Vifffidio

269 4400 402 4465 natione
425 4399 512 4476 Afer,
540 4400 638 4465 sacris
664 4400 785 4466 litteris
813 4402 988 4490 diligenter
1012 4404 1166 4487 imbutus,
1192 4424 1437 4477 monas-Auum.

783 4770 790 4842 Ι
835 4773 951 4843 ²2'saqrs]
965 4776 1001 4830 its
1011 4780 1041 4841 si,
1052 4780 1124 4844 Ms.;
1142 4782 1304 4849 itaquaued.
1437 4842 1440 4847 .
