3542 5800
479 893 525 946 nr
547 893 660 948 orsus
682 893 803 947 accim
826 891 1008 944 suun--n
1025 879 1076 944 64.
1237 879 1299 944 281

315 1419 566 1487 Commo.
611 1417 662 1486 Dc
682 1415 815 1484 ciem
837 1437 913 1504 cuce
936 1416 970 1486 ci
990 1423 1083 1485 code
1105 1417 1235 1485 coelitm

695 1519 875 1608 apposuit.

305 1728 431 1794 Erum
444 1747 525 1793 vero
545 1729 643 1801 nocte
664 1747 739 1792 cum
753 1725 872 1792 beatus
887 1725 941 1792 vir
955 1747 1016 1792 sua
1037 1725 1185 1792 membra
1199 1725 1307 1814 sopori
1321 1735 1360 1788 cr.
1372 1737 1437 1802 οφ

260 1831 403 1898 dedisset
423 1835 459 1896 et
479 1829 687 1917 intempesta
718 1829 825 1895 noctis
854 1828 986 1894 silentio
1016 1829 1053 1894 in
1075 1829 1215 1896 circuitu
1238 1827 1308 1894 eius
1320 1818 1448 1922 mul·

260 1933 383 2000 militia
411 1938 486 2001 tota
514 1933 703 2020 quiesceret,
725 1931 810 1998 visio
832 1932 946 2020 pulcra
975 1931 1038 1998 sibi
1069 1953 1089 1998 a
1117 1931 1192 1998 Deo
1213 1931 1308 1998 semi-
1321 1937 1406 2016 δευρὶ

261 2037 415 2125 vigilanti
435 2037 597 2126 appendi,
620 2057 721 2123 quam
742 2035 989 2124 expergefactus
1021 2057 1042 2102 a
1073 2055 1187 2102 somno
1209 2056 1308 2122 supra
1320 2003 1427 2133 ἕζῗξθ

262 2143 442 2206 memorato
477 2137 632 2204 familiari
669 2158 728 2204 suo
766 2137 922 2203 Oswaldo
960 2137 1011 2204 his
1047 2137 1157 2204 verbis
1188 2139 1306 2205 referre
1319 2151 1343 2202 Ρ·
1357 2137 1468 2222 ²⁴³*)·‚

262 2242 402 2309 omae
447 2247 468 2276 c
481 2239 693 2322 videaur?
720 2239 839 2327 inquit,
872 2247 891 2276 «ι
906 2239 997 2318 min,
1029 2239 1147 2307 nnec
1171 2241 1226 2322 mr,
1253 2203 1480 2324 meffibffl'

262 2345 301 2410 in
328 2363 429 2431 regno
450 2364 524 2408 meo
551 2341 630 2425 fore,
660 2342 872 2430 consulesque
893 2363 932 2408 ac
954 2343 1106 2410 tribunos
1128 2345 1222 2433 regni
1244 2344 1309 2411 mei

264 2447 388 2536 pariter
416 2446 574 2513 assistere
645 2443 718 2511 Ubi
755 2446 798 2511 de
828 2449 942 2512 nostre
974 2446 1105 2536 publica
1138 2471 1174 2515 re
1207 2449 1313 2514 multa

264 2554 487 2637 perumtatm,
525 2546 705 2636 multisque
744 2547 950 2615 sermonibus
987 2569 1062 2616 cum
1106 2551 1188 2618 meis
1225 2551 1314 2620 ultro

264 2652 410 2738 citroque
424 2649 557 2728 habitis,
579 2651 650 2716 ruit
670 2673 692 2716 a
712 2671 840 2716 summo
854 2649 997 2718 culmine
1018 2657 1127 2720 totum
1142 2653 1313 2742 festigium

183 2749 192 2760 “
263 2755 362 2842 regiae
391 2753 507 2820 domus
543 2773 635 2831 meae,
670 2773 793 2818 cornua
822 2773 952 2840 quoquc
993 2755 1131 2822 thalami
1171 2757 1244 2836 mei,
1276 2757 1312 2822 in

266 2878 332 2947 quo
360 2856 548 2925 recumbere
570 2855 666 2937 soleo,
689 2853 890 2924 micantibus
923 2857 1000 2925 hinc
1032 2857 1110 2927 inde
1132 2859 1313 2948 perietibus

266 2960 377 3027 evulsa
397 2960 497 3026 aforis
518 2958 646 3025 excelsa
667 2958 818 3025 cecidere.
865 2959 975 3028 Mater
997 2983 1070 3029 mea
1089 2985 1231 3051 praesens
1245 2964 1316 3030 haec

266 3061 549 3149 contemplabatur
574 3064 610 3127 et
638 3062 822 3127 lamentans
853 3062 1093 3131 lacrimabetur.
1157 3064 1315 3133 Iacrimae

267 3186 344 3231 vero
365 3164 434 3231 eius
467 3163 621 3230 cadentes
652 3184 750 3251 super
783 3162 955 3231 sindonem
989 3186 1082 3231 suam
1104 3172 1201 3233 erant
1222 3168 1315 3255 quasi

267 3272 374 3356 guttae
396 3266 569 3355 sauguinis
592 3266 802 3333 decurrentes
824 3266 862 3331 in
883 3274 1016 3333 terram.
1073 3268 1204 3337 Deinde
1233 3272 1316 3359 sspi-

268 3372 392 3439 ciebam
406 3370 557 3436 arborem
572 3368 823 3457 pulcherrimam
836 3370 874 3435 in
890 3370 1052 3437 domicilio
1067 3394 1140 3440 mco
1151 3374 1314 3461 quandam

271 3495 459 3550 excrescere,
494 3494 560 3559 qua
590 3470 684 3537 nulla
714 3472 878 3560 procerior
910 3479 981 3540 erat
1012 3473 1125 3556 altera,
1163 3476 1316 3544 foliorum

181 3628 190 3643 .
270 3573 511 3643 viridantibus¹
551 3574 651 3641 comis
684 3574 720 3639 in
750 3575 921 3661 superficie
947 3576 1137 3644 latitudinis
1167 3584 1314 3661 extensa,

270 3678 439 3745 frondibus
468 3677 505 3742 in
534 3698 654 3764 gyrum
686 3677 888 3763 apponcctis
918 3678 1017 3745 valde
1047 3680 1170 3759 decora,
1195 3682 1317 3749 nullius

272 3784 394 3849 arboris
423 3781 632 3847 similitudini
668 3782 891 3869 pulcritudine
932 3786 1156 3872 comparanda
1216 3786 1317 3855 Cuius

273 3886 315 3952 ad
350 3884 475 3951 radices
513 3883 648 3971 quidam
682 3884 770 3949 ultro
804 3884 1009 3963 insistebant,
1041 3886 1098 3972 qui
1130 3886 1214 3955 hanc
1245 3893 1317 3955 toto

273 3988 440 4054 conamine
462 4008 531 4053 suae
561 3984 706 4053 feritatis
726 3986 927 4054 incidebant.
983 3988 1122 4076 Exque
1143 3990 1318 4057 succisione

274 4090 406 4177 quidam
428 4095 557 4156 torrens
579 4088 749 4177 sanguinis
771 4087 908 4169 effluxit,
932 4090 990 4177 qui
1016 4098 1130 4159 contra
1159 4092 1318 4159 orientem

275 4214 394 4279 magno
423 4191 551 4278 impetu
572 4210 701 4256 clusum
731 4212 828 4256 suum
851 4193 1029 4259 extendere
1051 4193 1230 4261 festinavit
1276 4196 1318 4263 In

275 4293 547 4381 contemplatione
562 4313 641 4357 vero
662 4292 808 4359 eiusdem
823 4293 960 4359 visionis
982 4294 1113 4362 eximiae
1136 4296 1318 4364 columnam

275 4398 355 4464 lucis
383 4395 428 4462 ab
456 4400 569 4462 austm
602 4393 668 4461 sole
699 4396 953 4483 splendidiorem
974 4397 1130 4464 videbam
1152 4422 1316 4490 exurgue,

276 4507 309 4567 et
323 4498 522 4567 mirantibus
534 4498 592 4585 qui
607 4497 746 4565 aderant
761 4504 861 4587 atque
875 4502 1085 4589 stupentibus
1100 4503 1261 4571 universis
1275 4508 1318 4572 ad

575 4811 583 4843 ¹
595 4810 771 4879 viridantibus]
783 4812 959 4879 vulterana,
971 4814 1026 4869 ΜΒ.
