3542 5800
467 936 516 984 ns
538 935 654 983 ursus
676 933 799 984 snouu
818 932 1001 982 suos—u.
1027 919 1076 982 53.
1240 915 1305 978 213

253 1121 364 1206 potius
398 1127 434 1184 et
459 1141 645 1206 pauperem,
675 1125 775 1205 atque
808 1117 924 1184 uxorio
952 1116 1082 1182 viuculo
1116 1113 1305 1200 colligatum

253 1223 353 1288 fuisse
379 1223 570 1310 respondit3
605 1229 642 1287 et
667 1229 800 1310 propter
823 1221 950 1286 vietmn
977 1217 1139 1284 militibus
1170 1216 1307 1282 afferen-

255 1323 353 1390 dum¹
388 1325 426 1390 in
455 1324 699 1412 expeditionem
729 1346 764 1390 se
790 1345 865 1390 cum
892 1323 959 1388 suis
986 1323 1147 1388 similibus
1178 1317 1307 1386 venisse

254 1433 396 1493 testatus
421 1433 479 1492 est.
524 1426 575 1492 At
597 1427 654 1492 ille
679 1427 858 1512 suseipiens
884 1447 968 1503 eum,
992 1447 1102 1492 euram
1117 1421 1308 1490 vulneribus

253 1531 346 1617 egit3
368 1535 404 1596 et
425 1531 484 1594 ubi
505 1528 695 1596 senescere²
717 1529 827 1615 ooepit,
850 1534 952 1595 noctu
968 1551 1052 1608 eum,
1070 1549 1111 1594 ne
1126 1527 1306 1614 aufugeret,
1321 1535 1394 1586 Hes

255 1633 374 1698 vinciri
396 1633 561 1720 praeoepit.
607 1632 679 1698 Nee
702 1635 817 1697 tamen
830 1630 949 1696 vinciri
975 1632 1105 1719 potuit:
1130 1653 1207 1696 nam
1231 1651 1308 1694 mox
1320 1605 1479 1722 fflfflu‘

254 1741 294 1801 ut
328 1733 419 1800 abire
452 1740 624 1824 ooeperunt
657 1735 716 1821 qui
749 1731 951 1813 vinxerant,³
981 1733 1096 1800 eedem
1127 1737 1206 1800 sunt
1240 1733 1433 1806 eiusmpre-

256 1837 390 1903 vineula
404 1838 520 1904 soluta
1322 1807 1404 1872 '²⁰¹¹'

302 1939 460 2006 Habebat
486 1939 575 2007 enim
609 1962 803 2028 gennenum
837 1941 974 2006 fratrem
1008 1939 1062 2004 oui
1098 1960 1218 2004 nomeu
1240 1873 1447 2012 enimc-d

256 2043 386 2123 Tanna,
405 2043 643 2131 presbyterum
669 2049 705 2110 et
732 2043 887 2109 abbatem
903 2042 1091 2109 monasterii
1115 2043 1152 2108 in
1174 2042 1311 2106 civitate
1323 2028 1449 2144 ffi'lssg

257 2169 332 2233 quae
355 2146 515 2212 haetenus
547 2147 590 2212 ab
612 2147 682 2213 eius
705 2147 839 2212 nomine
861 2147 1082 2214 Tunnaeester
1104 2145 1311 2234 cognomina
1324 2111 1417 2213 massis

257 2255 332 2314 tur:
358 2249 417 2335 qui
432 2247 525 2314 eum‘
546 2271 622 2315 eum
644 2249 682 2315 in
703 2272 814 2337 pugna
835 2255 1041 2336 peremptum
1064 2251 1201 2329 audiret,
1218 2249 1312 2314 venit
1324 2229 1472 2346 ffirpdpp:

258 2373 405 2438 quaerere
434 2349 463 2416 si
498 2351 583 2418 forte
615 2373 731 2440 eorpus
763 2351 834 2416 eius
870 2351 1019 2416 invenire
1048 2359 1166 2439 posset,
1197 2313 1426 2418 iuven-bmthei

258 2461 397 2541 tumque
430 2454 533 2518 alium
569 2455 621 2519 illi
657 2477 716 2542 per
756 2454 868 2520 omnia
913 2451 1141 2536 simillimum‚⁵
1178 2455 1312 2543 putavit
1324 2430 1422 2481 Tanna.

258 2561 369 2648 ipsum
402 2583 494 2628 esse:
533 2583 632 2648 quem
669 2562 712 2627 ad
750 2563 983 2628 monesterium
1022 2585 1118 2629 suum
1156 2563 1311 2640 deferens,

259 2663 436 2735 honorifice
473 2665 636 2753 sepelivit,
674 2669 709 2731 et
746 2687 805 2752 pro
842 2665 1047 2732 absolutione
1085 2665 1204 2733 animas
1242 2668 1311 2732 eius

260 2769 381 2856 saepius
400 2768 516 2836 missas
532 2769 638 2834 faeere
657 2769 796 2834 curavit.
833 2767 983 2870 Qparum
1005 2769 1222 2835 celebratione
1245 2771 1310 2836 fao·

261 2878 333 2938 tum
356 2871 519 2959 estquod
541 2869 621 2951 dixi,
645 2875 686 2938 ut
719 2871 830 2938 nullus
852 2893 928 2938 eum
950 2878 1059 2959 posset
1080 2873 1214 2950 vincire,
1232 2873 1312 2959 quin

261 2976 417 3042 continuo
443 2975 633 3041 solveretur.
680 2974 814 3041 Interea
842 2996 950 3042 eomes
976 2976 1034 3061 qui
1064 2998 1139 3043 eum
1170 2977 1314 3055 tenebat,

259 3079 373 3144 mirari
399 3085 434 3145 et
463 3078 665 3166 interrogare
701 3079 803 3165 eoepit
826 3101 928 3165 quare
960 3078 1058 3165 ligari
1094 3100 1162 3144 uon
1193 3084 1311 3166 posset,

261 3184 412 3249 auferte
436 3182 568 3249 litteras
593 3182 776 3259 solutorias,
805 3182 846 3249 de
871 3182 1023 3269 qualibus
1050 3180 1170 3247 fabulas
1194 3182 1313 3258 serimt

263 3286 350 3374 apud
385 3308 420 3351 se
452 3284 599 3362 heberet,
627 3291 761 3373 propter
786 3306 868 3371 ques
896 3285 993 3373 ligari
1015 3306 1083 3351 nou
1105 3290 1222 3373 posset.
1267 3286 1316 3351 At

262 3390 318 3455 ille
331 3389 510 3476 respondit,
536 3394 554 3423 “
563 3387 647 3453 nihil
671 3410 705 3454 se
720 3388 838 3455 talium
861 3388 985 3454 artium
1000 3410 1095 3454 nosse
1109 3412 1117 3470 ;
1140 3389 1197 3454 sed
1212 3388 1317 3455 habeo

264 3492 429 3572 fratrem?
464 3492 582 3579 inquit,
612 3490 874 3579 “presbyterum
905 3492 941 3557 in
971 3514 1045 3557 mea
1074 3492 1251 3579 provincia,
1283 3500 1318 3560 et

263 3596 328 3661 seio
355 3595 435 3681 quis
459 3596 516 3660 ille
549 3617 602 3661 me
627 3594 837 3660 interfectum
871 3600 1001 3682 putans,
1033 3618 1092 3682 pro
1121 3618 1175 3663 me
1205 3595 1319 3663 missas

264 3698 393 3764 crebras
416 3697 515 3764 feeit:
540 3704 575 3765 et
598 3696 629 3763 si
651 3718 739 3762 nune
762 3696 800 3762 in
822 3697 889 3763 alia
912 3699 985 3764 vita
1011 3719 1123 3779 essexa
1148 3698 1196 3764 ibi
1211 3700 1321 3765 anima

265 3823 338 3867 mee
362 3821 420 3888 per
443 3800 689 3867 intercessiones
712 3800 782 3865 eius
806 3799 989 3866 solveretur
1003 3824 1024 3865 a
1038 3800 1172 3888 poenis.’'
1217 3801 1321 3867 Dum-

266 3926 330 3990 que
360 3903 531 3990 eliquanto
558 3908 706 3991 tempore
731 3902 821 3989 apud
850 3903 1004 3969 eomitem
1039 3907 1217 3983 teneretur,
1252 3905 1323 3968 sni-

266 4006 516 4072 msdverterunt
546 4007 604 4092 qui
634 4028 710 4072 eum
748 4005 942 4093 diligentius
981 4006 1241 4087 considerabant,
1281 4029 1323 4072 ex

267 4110 364 4176 vultu
390 4117 425 4176 et
450 4109 569 4176 habitu
594 4114 629 4176 et
653 4108 860 4175 sermonibus
884 4110 964 4187 eius,
992 4110 1071 4195 quia
1094 4131 1162 4175 non
1185 4114 1257 4177 erat
1280 4110 1321 4177 de

268 4234 410 4299 paupere
439 4212 549 4301 vulgo,
591 4217 632 4278 ut
674 4213 816 4293 dixerat,
846 4211 905 4278 sed
936 4212 977 4278 de
1014 4211 1189 4278 nobilibus.
1237 4213 1323 4281 Tum

268 4320 391 4382 secreto
429 4314 594 4382 advocans
634 4337 709 4382 eum
749 4336 865 4399 comes,
904 4315 1125 4403 interrogavit
1163 4316 1325 4385 intentius

304 4507 455 4514 ----..

306 4616 490 4685 'affinndffl
509 4618 681 4681 auferendum,
693 4618 749 4673 MS.
860 4620 947 4687 ⁴cum]
961 4636 1010 4673 em.
1025 4622 1082 4675 MS.
1120 4626 1164 4675 See
1173 4626 1249 4679 Bede.

307 4701 317 4730 ¹
327 4698 466 4765 numm]
484 4714 622 4762 seumoere,
633 4700 690 4752 MS.
860 4702 871 4730 ⁸
881 4698 1038 4768 simillimum]
1052 4703 1206 4767 similimum,
1218 4706 1274 4757 MS.

309 4779 470 4844 'aima
507 4778 656 4841 vinoleam,
701 4777 776 4840 Μ8.;

274 4855 416 4921 vinxerunt,
429 4858 490 4909 Bed.
504 4858 538 4909 iv.
551 4864 591 4909 22.
