3542 5800
497 907 546 959 nn
566 905 682 958 cnsrrs
703 905 826 959 noenu
846 903 1031 958 anan-m
1049 890 1100 956 61.
1235 891 1299 956 251

252 1092 461 1185 praesentiam
499 1093 651 1180 perducti
692 1093 840 1170 aucant
880 1093 1036 1159 convenit
1074 1113 1128 1158 eos
1170 1113 1229 1158 rex
1262 1091 1303 1158 de

225 1241 228 1245 -
252 1199 355 1286 protis
379 1195 608 1263 distrahendis
655 1194 745 1275 Quos
769 1215 845 1262 cum
863 1195 1011 1260 auriissot
1041 1193 1077 1259 in
1108 1194 1305 1260 omnimodis

253 1299 420 1366 abundare
446 1297 584 1375 divitiis,
618 1297 728 1362 “Non
742 1295 818 1375 aic,’'
846 1297 958 1382 inquit
984 1317 1052 1374 rex,
1084 1303 1103 1331 “
1119 1295 1305 1376 abundatis,

254 1403 336 1488 quin
365 1400 498 1488 possitis
533 1399 676 1486 amplius
714 1399 890 1464 abundare
952 1397 1024 1464 Nos
1055 1403 1152 1484 prata
1195 1403 1306 1464 vestra

253 1502 522 1591 comparabimus,
559 1519 627 1566 non
672 1501 850 1566 secrmdum
892 1521 1004 1566 eorum
1044 1500 1305 1577 aestimationem,

252 1607 311 1672 sed
339 1606 437 1670 iuxta
473 1609 621 1670 vestram
660 1603 875 1668 voluntatem.
922 1601 957 1666 N
958 1624 993 1667 ec
1024 1601 1087 1667 erit
1128 1601 1197 1666 ulla
1222 1601 1307 1667 diffi-

255 1702 432 1774 culua'da
469 1706 583 1792 pretio,
611 1705 689 1770 licet
719 1703 811 1769 nulla
840 1704 1034 1792 propitiatio
1058 1703 1104 1768 sit
1132 1703 1169 1768 in
1187 1703 1307 1768 distra-

254 1805 390 1876 hendo.'’
434 1807 500 1872 His
545 1805 668 1872 auditis
698 1827 811 1872 omnes
850 1803 1031 1892 cupiditate
1070 1804 1152 1870 victi
1182 1827 1202 1868 a
1231 1826 1307 1891 rogo

254 1933 313 1999 pro
334 1931 395 1976 sua
423 1908 597 1974 voluntate
620 1929 680 1995 pro
695 1907 800 1996 pratis
826 1909 971 1996 pretium
986 1911 1186 1993 acceperunt.
1233 1907 1306 1986 Quo

253 2015 341 2079 facto
376 2031 436 2076 rex
450 2016 548 2097 prata
577 2009 636 2075 illa
666 2014 841 2086 consecrat,
872 2016 907 2076 et
936 2009 1185 2074 transeuntibus
1215 2029 1306 2094 peru-

255 2116 359 2204 grinis
389 2113 542 2178 omnibus
571 2111 674 2199 regati
688 2111 916 2177 munificentia
939 2111 1120 2190 confirmat,
1145 2114 1307 2196 quatenus

254 2215 419 2305 peregrini
457 2217 494 2279 in
535 2213 601 2280 illis
631 2214 711 2280 locis
740 2235 799 2300 pro
834 2219 983 2300 tempore
1011 2216 1067 2280 vol
1090 2215 1227 2280 herbum
1253 2212 1308 2278 vel

254 2321 378 2386 tanum
408 2317 445 2382 in
478 2323 675 2403 perpetuum
706 2316 851 2381 habeant
879 2317 951 2381 sine
991 2317 1107 2403 pretio,
1138 2315 1226 2382 unde
1256 2316 1307 2382 iu-

253 2426 367 2490 menta
390 2441 451 2487 sua
479 2419 674 2499 sustineant,
700 2438 743 2484 ex
773 2419 859 2506 regis
890 2416 1057 2485 beneficio.

322 2843 571 2915 corrumpo.
623 2845 668 2915 Ut
688 2865 748 2913 rec
771 2844 846 2934 Offc
867 2841 1019 2915 Romam
1036 2843 1239 2933 parcoatras

457 2945 645 3017 coeaottam
667 2944 755 3016 tecti
776 2946 911 3017 Albcaat'
934 2948 1098 3017 coemerit.

300 3148 538 3216 Dmmnm
586 3150 725 3238 denique
774 3172 833 3237 pro
888 3148 1097 3215 distractione
1137 3152 1305 3235 pratorum
1317 3157 1381 3224 Rog.

254 3253 400 3339 pecunia,
433 3274 453 3317 a
485 3253 555 3317 loco
588 3273 649 3318 rex
682 3252 896 3339 progreditur,
930 3258 965 3316 et
996 3250 1135 3317 Romam
1172 3250 1306 3316 tandem
1317 3226 1436 3357 yffi&

255 3352 448 3441 perveniens
469 3356 584 3441 optata
605 3353 826 3441 apostolorum
847 3352 963 3419 limina
983 3354 1123 3420 conterit
1144 3356 1179 3419 et
1202 3352 1307 3417 diver·
1319 3357 1410 3409 Matth.

256 3478 367 3522 sorum
389 3456 459 3522 loca
480 3462 668 3522 sanctorum
688 3458 745 3543 pia
768 3454 942 3522 devotione
963 3456 1131 3543 percurrit.
1179 3454 1307 3519 Deinde
1318 3424 1424 3555 W·

257 3557 404 3623 Adriano
426 3556 567 3624 secundo
590 3579 717 3623 summo
739 3558 889 3646 pontifici
919 3576 1049 3624 cansam
1072 3556 1125 3624 sui
1145 3558 1307 3623 adventus
1320 3556 1464 3621 victora,

258 3658 463 3737 denuntians,
488 3666 522 3725 et
547 3662 588 3726 do
617 3661 687 3728 loco
710 3660 808 3725 simul
837 3666 871 3725 et
903 3660 943 3726 de
972 3662 1070 3726 beato
1094 3660 1224 3726 Albano
1255 3630 1394 3759 car-¹5¹3
1406 3722 1445 3759 m·

255 3762 441 3827 nonizando
465 3762 674 3849 coenobioque
698 3763 915 3828 construendo
948 3764 1065 3829 devote
1094 3782 1204 3848 preces
1233 3724 1418 3847 por-ferehis

257 3866 375 3953 rigens,
421 3864 576 3955 petitioni
623 3886 692 3932 suae
739 3864 923 3930 Romanam
970 3864 1009 3929 de
1050 3864 1137 3929 facili
1182 3862 1306 3927 curiam
1318 3848 1466 3957 ffiffm‘

256 3968 438 4046 inclinavit,
464 3973 498 4034 et
523 3990 565 4035 ex
588 3966 650 4036 hoo
675 3967 844 4055 praecipue,
869 3966 958 4054 quod
980 3964 1135 4051 martyris
1156 3964 1307 4031 inventio

258 4071 387 4137 coelitus
417 4071 461 4136 sit
492 4070 613 4137 edocta
676 4070 728 4135 De
766 4068 963 4135 monasterio
993 4066 1162 4133 fundando
1193 4072 1227 4132 et
1264 4066 1308 4131 ab

259 4174 349 4240 omni
394 4174 617 4261 episcoporum
657 4170 859 4239 subiectione
905 4168 1138 4257 emancipando
1183 4168 1307 4235 curiam

257 4275 405 4343 consulit.
468 4274 531 4342 Cui
570 4275 738 4343 Romanus
776 4272 927 4361 pontifex
965 4272 1078 4339 taiiter
1115 4263 1306 4360 respondit:

258 4379 331 4446 “O
361 4376 411 4443 fili
448 4378 619 4457 oafissime,
652 4376 729 4446 offa
765 4400 825 4443 rex
856 4377 1039 4463 Anglorum
1071 4376 1307 4465 potentissime,
1321 4396 1389 4462 P⁰1>0

258 4479 468 4548 devotionem
491 4488 588 4547 tuam
615 4480 698 4547 circa
728 4480 821 4567 regni
852 4480 905 4545 tui
934 4483 1211 4566 protomartyrem
1242 4500 1310 4544 non
1321 4463 1442 4582 affin

166 4613 170 4619 ·
259 4584 465 4650 mediocriter
494 4584 766 4661 commendamus,
798 4589 832 4649 et
862 4583 1060 4648 monasterio
1090 4582 1309 4649 construendo
1373 4600 1375 4606 ’
1405 4568 1412 4582 ’

258 4687 406 4773 illudque
429 4686 668 4774 privilegiando
683 4685 838 4772 petitioni
862 4690 931 4751 tuae
950 4706 1117 4750 assensum
1140 4690 1310 4772 gratanter

258 4790 450 4878 pracbemus,
489 4789 698 4876 injungentes
735 4787 800 4887 tibi
836 4786 874 4854 in
911 4792 1045 4857 tuorum
1087 4786 1309 4855 remissionem
