3542 5800
468 868 512 932 ts
745 882 808 933 aro.
832 884 878 931 or
902 882 1032 932 (tiarae.
1057 882 1142 931 arno.
1168 882 1251 931 mar.

470 1070 517 1129 De
540 1066 639 1130 reditu
663 1069 864 1131 Caduallonis
889 1073 969 1148 rogis
997 1073 1027 1129 in
1056 1064 1241 1131 Britanniam
1269 1078 1300 1128 et
1319 1070 1360 1139 de
1388 1070 1525 1144 captione

510 1164 638 1223 Poandre
661 1165 742 1242 rogis
766 1164 959 1235 Marciorum,
988 1172 1019 1223 et
1043 1164 1082 1222 de
1111 1170 1208 1221 morte
1237 1162 1318 1239 regis
1347 1158 1465 1220 lidwini
1494 1174 1525 1219 et

511 1257 693 1315 desolatione
715 1256 876 1331 provinciae
896 1256 1182 1316 Nerthumbrorum.
1229 1253 1303 1333 Cep.
1321 1252 1420 1311 xxxii.

471 1348 516 1408 Ut
539 1349 629 1425 primi
653 1368 837 1409 successores
856 1349 978 1407 Edwini
998 1349 1078 1427 regis
1100 1356 1131 1407 et
1144 1349 1231 1407 fidem
1254 1366 1315 1407 sure
1337 1348 1436 1425 gentis
1457 1365 1525 1424 per-

511 1441 643 1500 diderint
662 1449 694 1501 et
714 1452 849 1519 regnum.
898 1440 970 1520 Cep.
986 1442 1096 1499 xxxiii.

472 1532 560 1606 Quod
593 1532 755 1593 Oswaldes
790 1552 881 1611 super
912 1535 971 1594 duo
998 1552 1101 1611 regna,
1134 1530 1296 1593 Deirotum
1327 1533 1469 1609 videlieet
1493 1541 1525 1591 et

510 1626 726 1699 Bernieiorum‚
748 1634 941 1687 consecratur
960 1627 992 1685 in
1014 1646 1122 1705 regem.
1170 1625 1244 1704 Cep.
1262 1626 1369 1684 xxxiv.

471 1718 559 1793 Quod
577 1738 653 1796 gens
671 1719 911 1779 Ooeidentolium
932 1718 1085 1779 Saxonum
1106 1738 1174 1779 oum
1192 1738 1263 1796 rege
1283 1737 1337 1778 auo
1357 1715 1524 1795 Kinegilso,

510 1814 691 1889 praedicante
718 1814 779 1871 illis
812 1812 916 1871 liirino
947 1812 1095 1891 episcope,
1124 1813 1212 1871 iidem
1241 1811 1356 1871 Christi
1384 1812 1523 1887 suseepit.

515 1905 592 1984 Cap.
613 1925 710 1963 xxxv.

472 1998 519 2057 De
540 2018 643 2076 pugna
670 1998 803 2059 Oswaldi
826 1998 907 2073 rogis
935 2016 1002 2056 oum
1025 1997 1148 2057 Peendo
1176 1997 1358 2057 Meroiorum
1386 2014 1466 2073 rege,
1493 2002 1524 2054 ot

510 2092 548 2150 de
568 2091 695 2150 victoria
715 2091 821 2167 ipsius.
868 2088 941 2168 Cap.
957 2090 1064 2147 xxxvi.

473 2184 518 2242 De
545 2194 641 2242 morte
680 2184 814 2243 Oswaldi
846 2184 936 2259 regis,
965 2190 996 2241 et
1023 2184 1061 2240 de
1087 2182 1241 2243 miraculis
1268 2202 1287 2241 a
1313 2182 1378 2241 Dee
1409 2182 1524 2240 meritis

512 2275 606 2351 ipsius
627 2273 760 2335 Osualdi
780 2282 993 2351 postmortem
1014 2275 1079 2332 eius
1100 2273 1198 2333 sectis.
1245 2274 1316 2354 Cap.
1334 2274 1453 2332 xxxvii.

473 2368 518 2426 De
540 2368 605 2425 vita
625 2367 673 2426 vel
693 2375 788 2425 morte
810 2367 944 2443 religiosi
968 2366 1027 2424 viri
1053 2366 1188 2443 sigberti
1214 2368 1295 2443 regis
1323 2366 1522 2427 Orientalium

512 2459 691 2537 Anglorum.
736 2458 807 2537 Cap.
823 2460 955 2517 xxxviii.

472 2554 519 2612 De
538 2560 634 2612 morte
648 2552 779 2610 Edbaldi
800 2553 881 2628 rogis
903 2552 1029 2623 Kantiae,
1046 2552 1127 2611 etde
1143 2552 1328 2611 suceessione
1345 2550 1523 2611 Erlrenborti

512 2646 566 2704 filii
587 2646 643 2703 sui.
690 2645 762 2723 Cep.
779 2647 888 2702 xxxix.

474 2738 561 2812 Quod
595 2737 737 2797 defuneto
777 2737 937 2813 Kinegilso
973 2754 1044 2813 roge
1080 2736 1319 2797 Occidentalium
1362 2736 1523 2809 Saxonum,

512 2831 670 2891 Kinowalo
701 2832 730 2890 ei
757 2831 789 2888 in
814 2848 942 2908 regnum
978 2829 1144 2898 successit3
1186 2829 1328 2889 Oswaldo
1362 2839 1461 2889 autem
1491 2830 1522 2887 in

512 2945 605 3003 regne
639 2924 846 2983 Bernieiorum
890 2923 1035 2982 successit
1074 2922 1157 2982 Oswi
1196 2922 1290 2982 irater
1322 2925 1394 2995 eius,
1428 2931 1460 2982 et
1492 2925 1523 2980 in

512 3037 606 3095 regno
646 3017 806 3076 Deirorum
841 3015 987 3075 suecessit
1018 3015 1114 3074 eidem
1150 3014 1290 3074 Oswinus
1325 3017 1404 3075 filius
1444 3017 1524 3093 regis

513 3112 621 3172 Osrioi.
661 3109 735 3189 Cap.
755 3110 797 3168 xl.

473 3205 519 3264 De
542 3203 608 3262 vita
636 3204 686 3262 vel
713 3211 809 3261 morte
845 3201 979 3278 Sigberti
1014 3201 1092 3277 regis
1128 3200 1326 3261 Orientalium
1362 3200 1522 3260 Saxonum.

517 3296 589 3374 Cep.
603 3296 657 3353 xli.

473 3389 519 3448 Ut
553 3387 709 3464 provincia
743 3386 926 3446 Merciorum
957 3387 1012 3445 sub
1043 3405 1114 3463 rege
1142 3386 1245 3444 Poada
1275 3386 1449 3447 Christiana
1486 3389 1525 3445 sit

513 3479 601 3539 laeta
650 3478 723 3554 Gap.
739 3479 805 3537 xlii.

473 3562 523 3631 De
554 3571 632 3630 bello
665 3571 746 3628 inter
778 3589 879 3647 regem
915 3570 997 3630 Oswi
1033 3570 1308 3629 Nortlrumbrorum
1334 3579 1365 3630 et
1392 3571 1523 3632 Pendam

513 3683 614 3740 regem
634 3663 827 3722 Meroiorum.
874 3663 948 3742 Cap.
964 3664 1040 3721 xliii.

475 3757 520 3816 De
544 3765 639 3816 morte
663 3758 762 3813 Annae
783 3757 864 3832 regis
893 3755 1094 3816 Orientalium
1123 3755 1301 3832 Anglerum‚
1329 3765 1360 3815 et
1382 3757 1418 3814 de
1440 3755 1523 3816 obitu

513 3849 594 3928 regis
615 3849 847 3909 Cantuariorum
867 3848 1061 3907 Erkenberti.
1109 3847 1181 3925 Cep.
1196 3849 1269 3906 xliv.

474 3943 561 4016 Quod
588 3942 620 4001 in
650 3942 765 4018 Anglia
788 3943 824 4000 fit
846 3959 957 4018 magna
983 3941 1148 4017 disputatio
1172 3941 1208 4000 de
1234 3941 1359 4000 Paschae
1386 3942 1525 4002 observa-

513 4037 602 4094 tione.
649 4034 722 4112 Cap.
738 4033 800 4092 xlv.

474 4129 520 4188 Ut
534 4129 697 4187 Wihardus
714 4127 875 4204 presbyter
888 4125 1071 4184 ordinandus
1086 4125 1115 4183 in
1131 4126 1386 4203 arehiepiscopum
1401 4127 1524 4187 Romam

513 4221 550 4278 de
578 4221 739 4278 Britannia
766 4220 807 4278 sit
835 4220 963 4285 inissem
999 4237 1087 4292 quem
1114 4219 1261 4295 rescripta
1294 4239 1378 4295 papae
1414 4220 1525 4279 ibidem

514 4312 612 4370 obisse
632 4320 840 4371 narraverunt.
886 4311 958 4387 Cap.
972 4310 1046 4369 xlvi.

477 4406 522 4464 Ut
549 4404 719 4464 Orientales
748 4403 883 4462 Saxones
911 4412 1043 4479 tempore
1071 4403 1264 4462 mortalitatis
1292 4405 1329 4462 ad
1357 4405 1525 4464 idolatriam

488 4569 492 4575 ¹
514 4497 638 4569 reversi,
660 4497 712 4555 sed
734 4514 788 4572 per
807 4495 982 4554 instantiam
1007 4495 1185 4554 Jarumanni
1207 4497 1337 4572 episcopi
1361 4517 1431 4555 mox
1455 4506 1526 4556 sunt

514 4590 553 4650 ab
573 4607 674 4648 errore
694 4588 831 4646 oorreoti.
876 4587 948 4665 Cep.
968 4587 1053 4645 xlvii.

476 4681 522 4742 De
544 4691 639 4741 morte
663 4679 747 4739 Oswi
769 4687 801 4738 et
822 4677 950 4755 Egberti
973 4698 1087 4755 regum.
1135 4677 1207 4757 Cap.
1227 4679 1323 4738 xlviii.
