3542 5800
459 882 524 946 loa
719 900 784 949 aro
815 900 862 948 ns
892 900 1024 950 emese.
1055 902 1143 951 seso.
1174 902 1260 951 ruer,

879 1415 959 1483 Car.
983 1416 1090 1483 XXV.

293 1621 440 1675 Bet-alo·
461 1615 560 1701 Quod
580 1618 751 1687 ditwinus
772 1639 832 1685 rac
852 1616 981 1705 occepit
1004 1640 1028 1685 α
1050 1614 1233 1705 Boaifccio
1261 1640 1356 1707 popio
1380 1620 1511 1687 litteras

765 1719 814 1787 od
827 1720 937 1808 fldem
960 1718 1211 1788 exterminatos.

506 1925 584 2005 Quo
608 1929 754 2012 tempore
778 1924 1018 1991 exhortatorias
1042 1926 1085 1990 ad
1110 1924 1210 1991 fidem
1236 1924 1364 1991 litteras
1387 1947 1407 1990 a
1431 1946 1511 2012 pon-

460 2026 549 2093 tifioe
578 2028 664 2093 sedis
690 2027 875 2115 apostolice
906 2028 1073 2093 Bonifncio
1109 2029 1240 2115 accepit,
1276 2049 1415 2114 quarum
1445 2027 1512 2093 ista

461 2136 512 2195 est
526 2130 649 2196 forma:

294 2244 421 2295 laturos
510 2238 528 2266 “
550 2232 631 2295 Viro
660 2229 799 2318 glorioso
830 2232 972 2297 Edwino
1004 2232 1073 2320 regi
1105 2232 1290 2320 Anglorum
1322 2230 1513 2298 Bonifacius

292 2309 447 2427 fficio&
463 2334 632 2420 episcopus
661 2356 775 2399 servus
804 2356 973 2400 servorum
1004 2336 1077 2400 Dei.
1130 2334 1221 2400 Licet
1250 2354 1387 2399 summae
1417 2334 1513 2398 Divi-

294 2444 420 2523 lipgru·
459 2436 580 2500 'nitatis
609 2436 759 2522 potentia
795 2436 949 2503 humanae
981 2436 1154 2503 locutionis
1192 2435 1305 2501 officiis
1342 2435 1514 2522 explanari

295 2525 355 2561 '¹¹¹¹’
461 2560 530 2603 non
558 2537 678 2615 valeat,
717 2540 838 2626 quippe
868 2561 943 2626 quae
973 2541 1025 2605 sui
1055 2538 1283 2627 magnitudine
1313 2538 1364 2603 ita
1399 2536 1514 2602 invisi·

462 2641 523 2705 bili
553 2646 652 2726 atque
682 2640 908 2729 investigabili
946 2642 1132 2741 aeternitate
1170 2642 1328 2719 consistit,
1366 2645 1406 2705 ut
1443 2640 1514 2706 haeo

462 2744 554 2808 nulla
580 2742 705 2831 ingenii
731 2744 901 2831 sagacitas,
927 2749 1052 2829 quanta
1077 2744 1129 2823 sit,
1158 2743 1427 2831 comprehendere
1449 2743 1515 2808 dis-

464 2868 633 2934 serereque
670 2843 831 2912 sufficiat:
870 2846 949 2933 quia
985 2852 1098 2912 tamen
1136 2846 1206 2912 eius
1244 2844 1433 2912 humanitas
1470 2844 1513 2911 ad

464 2950 720 3015 insinuationem
758 2948 810 3014 sui
854 2949 1006 3014 reseratis
1052 2950 1157 3015 cordis
1198 2949 1315 3028 ianuis,
1361 2969 1434 3034 quae
1472 2948 1515 3013 de

464 3053 638 3139 semetipsa
663 3050 871 3138 proferretur,
897 3055 1021 3116 secreta
1043 3051 1195 3117 humanis
1225 3051 1391 3117 mentibus
1413 3051 1515 3136 inspi-

468 3156 595 3220 ratione
632 3155 810 3220 clementer
839 3153 1009 3233 infundit3
1047 3155 1090 3218 ad
1119 3154 1381 3220 annuntiandam
1418 3153 1514 3218 vohis

465 3257 704 3346 plenitudinem
731 3257 809 3322 fidei
834 3255 1034 3322 Christianae
1067 3257 1298 3322 sacerdotalem
1328 3255 1515 3321 curavimus

466 3358 719 3425 sollicitudinem
749 3377 940 3445 praerogare,
972 3361 1012 3422 ut
1045 3357 1180 3444 perinde
1211 3357 1336 3424 Christi
1374 3379 1514 3443 evange-

465 3461 556 3537 lium,
580 3461 669 3545 quod
695 3459 849 3525 Salvator
871 3467 984 3525 noster
1013 3459 1165 3524 omnibus
1184 3460 1339 3546 praecepit
1360 3459 1514 3546 gentibus

468 3560 647 3651 praedicari,
685 3562 804 3626 vestris
834 3583 965 3648 quoque
994 3561 1143 3627 sensibus
1173 3561 1360 3638 inserentes,
1398 3560 1514 3627 salutis

465 3670 586 3730 vestr-e
615 3663 760 3729 remedia
796 3663 1017 3750 propinentur.
1065 3663 1223 3752 Supernae
1259 3665 1363 3752 igitur
1398 3663 1516 3729 maies-

467 3767 549 3834 tatis
578 3765 760 3842 clementia,
791 3788 865 3853 quae
896 3771 1014 3832 cuncta
1049 3767 1117 3832 solo
1150 3767 1251 3832 verbo
1289 3765 1515 3854 praeceptionis

467 3892 535 3938 sure
565 3869 713 3935 condidit
743 3873 778 3934 et
807 3869 941 3947 meavit,
974 3869 1094 3934 eoelum
1123 3869 1279 3934 videlicet
1315 3874 1349 3934 et
1382 3873 1513 3944 terram,

465 3995 555 4040 mare
584 3976 620 4038 et
648 3971 760 4037 omnia
788 3993 862 4057 quae
893 3970 928 4034 in
959 3969 1006 4035 eis
1035 3977 1121 4048 sunt,
1150 3969 1315 4056 dispositis
1345 3969 1515 4035 ordinibus

467 4076 588 4163 quibus
625 4074 850 4149 subsisterent,
900 4073 1053 4138 coaeterni
1087 4071 1188 4138 Verbi
1223 4072 1273 4138 sui
1311 4072 1445 4137 consilio
1482 4077 1517 4138 et

466 4179 580 4244 Sancti
611 4177 756 4264 Spiritus
779 4176 920 4254 unitate,
935 4175 1134 4262 dispensans,
1165 4175 1331 4240 hominem
1361 4175 1404 4240 ad
1433 4174 1514 4239 ima·

465 4281 576 4367 ginem
599 4283 634 4344 et
655 4279 906 4344 similitudinem
930 4299 1023 4344 suam
1046 4299 1088 4343 ex
1108 4277 1188 4342 limo
1204 4283 1300 4344 terrae
1315 4277 1514 4364 plasmatum

467 4379 647 4456 constituit,
672 4380 768 4464 eique
789 4385 919 4445 tantam
941 4381 1068 4467 praemii
1092 4381 1346 4467 praerogativam
1367 4379 1514 4458 indulsit,
1537 4431 1543 4443 .

465 4488 506 4549 ut
544 4503 620 4547 eum
656 4479 781 4547 cunctis
819 4487 1033 4570 praeponeret,
1069 4489 1168 4572 atque
1205 4489 1335 4549 servato
1373 4483 1515 4548 termino

465 4583 692 4673 praeceptionis
714 4585 913 4651 aeternitatis
928 4583 1143 4651 subsistentia
1158 4585 1380 4672 praemuniret
1413 4584 1515 4652 Hunc

464 4710 542 4776 ergo
572 4687 680 4752 Deum
707 4687 841 4752 Patrem
871 4694 906 4752 et
936 4687 1060 4752 Filium
1090 4694 1125 4754 et
1152 4689 1314 4775 Spiritum
1345 4687 1514 4766 Sanctum,

464 4791 553 4877 quod
581 4795 633 4854 est
659 4788 840 4856 Individua
870 4789 1023 4866 Trinitas,
1055 4790 1098 4855 ab
1129 4795 1204 4856 ortu
1233 4791 1310 4856 solis
1340 4811 1442 4875 usque
1472 4791 1516 4856 ad
