3542 5800
487 884 533 933 na
556 882 672 933 oreris
694 881 815 933 aucun
837 880 1019 931 suen-11.
1043 862 1095 935 70.
1250 865 1315 935 373

273 1066 392 1133 intimo
421 1065 541 1131 affectu
570 1066 747 1153 gloriosum
773 1070 954 1151 martyrem
983 1064 1198 1131 Edmundnm
1220 1065 1316 1133 invo-

272 1191 392 1249 cemus,
415 1174 450 1237 et
475 1168 583 1235 aderit
612 1168 707 1235 nobis
733 1168 855 1255 absque
882 1167 974 1233 omni
998 1168 1208 1235 haesitatione
1230 1169 1316 1235 divi·

272 1273 363 1339 nitus
393 1269 583 1337 auxilium.”
629 1270 695 1351 Qui
721 1270 792 1339 cius
825 1270 960 1337 consilio
996 1272 1250 1359 adquiescentes,
1280 1273 1318 1339 in

273 1372 459 1441 huiusmodi
496 1372 761 1441 vociferationem
816 1394 874 1439 ora
928 1374 1122 1442 resolvunt:
1168 1374 1319 1441 “Sancte

272 1477 452 1557 Edmunde‚
498 1475 622 1543 adiuva
664 1496 747 1557 n0s;
790 1496 940 1543 succurre
976 1475 1080 1557 nobis,
1126 1476 1180 1564 pie
1223 1482 1319 1566 pater

273 1577 476 1646 Edmunde.”
532 1570 619 1645 Haec
656 1582 785 1661 autem,
812 1575 878 1643 illis
916 1579 1036 1665 saepias
1072 1579 1317 1665 replicantibus,

274 1682 443 1748 turbidum
487 1702 577 1747 mare
614 1679 718 1747 crevit
755 1680 966 1747 vehementer
1008 1681 1196 1749 ascendens
1243 1682 1317 1764 Quo

272 1786 354 1864 viso,
384 1784 599 1851 commonitor
628 1804 740 1849 eorum
768 1782 834 1849 fide
863 1783 980 1870 plenus
1009 1790 1044 1851 et
1067 1784 1161 1871 quasi
1188 1784 1318 1872 Spiritu

273 1888 396 1955 Divino
418 1887 561 1967 edoctus,
592 1886 770 1973 evaginato
799 1884 920 1973 gladio,
951 1907 1050 1972 quem
1085 1886 1171 1953 forte
1207 1910 1316 1955 secum

273 1991 308 2055 in
330 1989 503 2077 nauiragio
533 1989 725 2067 retinuerat,
750 1987 908 2054 circulum
930 1988 1010 2056 fecit
1031 1989 1070 2055 in
1090 1990 1208 2057 sabulo
1232 1988 1318 2057 cuca

272 2116 305 2159 se
342 2097 378 2160 et
412 2093 514 2159 socios
552 2114 636 2174 suos,
673 2090 808 2156 dicens:
856 2090 1015 2160 “Adiuro
1053 2096 1097 2171 te,
1131 2113 1227 2178 aqna,
1258 2113 1317 2179 per

271 2195 378 2261 Deum
416 2195 548 2261 Patrem
586 2194 853 2280 omnipotentem
890 2193 949 2280 qui
986 2198 1021 2260 te
1058 2193 1183 2262 creavit
1215 2200 1317 2281 atque

270 2298 426 2386 praeclara
454 2296 541 2384 regis
564 2302 599 2361 et
624 2296 779 2382 martyris
808 2295 976 2361 Edmundi
1006 2296 1134 2377 merita,
1159 2319 1203 2363 ne
1228 2296 1318 2363 hunc

270 2400 426 2469 circulum
470 2398 596 2465 intrare
640 2396 848 2485 praesumaa''
913 2398 1002 2463 Mira
1044 2421 1096 2467 res
1141 2405 1177 2467 et
1221 2400 1318 2466 valde

270 2502 452 2589 stupenda!
498 2500 689 2567 Adveniens
711 2500 831 2587 quippe
854 2500 945 2566 unda
967 2500 1068 2567 maris
1087 2502 1131 2567 ad
1152 2501 1319 2584 circulum,

271 2606 345 2671 ilico
381 2605 514 2683 restitit,
545 2609 580 2670 et
615 2604 663 2669 ibi
696 2624 730 2671 se
759 2604 796 2669 in
822 2602 962 2670 sublime
991 2604 1120 2691 erigens
1156 2606 1318 2673 altissime

270 2730 370 2795 supra
399 2707 503 2785 stetit,
535 2706 723 2772 nullatenus
752 2706 908 2773 circulum
938 2706 1109 2773 transiens
1153 2705 1211 2773 Illi
1240 2730 1319 2775 vero

271 2810 429 2877 sedebant
458 2830 556 2897 super
584 2808 735 2874 sabulum
764 2808 801 2873 in
838 2808 906 2875 imo
939 2809 1032 2895 quasi
1069 2810 1105 2874 in
1143 2814 1252 2897 puteo,
1283 2817 1319 2877 et

271 2937 357 3002 aqua
382 2919 454 2980 erat
485 2913 533 2979 eis
562 2934 605 2978 ex
635 2911 724 2978 omni
757 2915 852 3000 parte
885 2913 979 2998 quasi
1015 2933 1138 2992 murus,
1169 2913 1318 2998 nihilque

271 3019 382 3085 videre
408 3019 562 3104 poterant
587 3019 708 3101 praeter
737 3035 856 3099 aquarn
883 3019 919 3078 et
947 3013 1073 3080 coelum.
1119 3014 1190 3080 Sub
1219 3015 1318 3081 undis

271 3122 382 3208 itaque
419 3117 518 3186 maris
554 3116 734 3194 latitantes,
772 3116 843 3182 laeti
879 3115 923 3180 ad
959 3115 1101 3183 invicem
1135 3115 1316 3184 dixenmt:

270 3225 331 3289 “O
354 3243 454 3309 quam
475 3217 693 3308 predicabilis
716 3221 750 3284 et
772 3218 968 3298 veneranda,
991 3238 1091 3304 quam
1114 3218 1318 3286 admirabilis

271 3331 305 3394 et
338 3322 581 3414 magnificanda
610 3321 675 3388 Dei
707 3321 813 3387 nostri
846 3321 953 3407 pietas
988 3325 1023 3386 et
1051 3322 1212 3407 potentia,
1241 3343 1318 3408 qnae

270 3431 306 3496 in
336 3429 406 3517 ipso
435 3425 607 3513 naufragio
637 3424 732 3490 nobis
761 3427 895 3510 portum
931 3423 1079 3512 largitur,
1110 3446 1184 3509 quae
1217 3429 1252 3492 et
1280 3425 1318 3492 in

270 3531 431 3620 profundo
467 3530 564 3596 istius
604 3527 704 3592 maris
741 3547 799 3614 per
835 3526 956 3592 merita
992 3526 1124 3615 gloriosi
1160 3528 1317 3613 martyris

271 3631 439 3700 Edmundi
476 3637 547 3697 tam
583 3627 780 3694 mirabiliter
811 3648 872 3696 nos
910 3628 1056 3717 protegit
1084 3635 1119 3695 et
1147 3629 1317 3696 mstcdit'’

270 3737 360 3801 Dum
380 3715 503 3800 ‘autem
531 3730 602 3798 boec
638 3729 860 3816 loquerentur,
891 3731 958 3796 iam
990 3728 1074 3796 mari
1103 3750 1138 3796 se
1167 3731 1317 3816 aliquau-

270 3840 379 3906 tulum
416 3834 613 3914 retrahente,
650 3833 785 3919 quidam
822 3855 864 3899 ex
899 3834 947 3898 eie
975 3855 997 3898 a
1024 3833 1122 3922 longe
1158 3833 1317 3920 aspiciens

270 3941 357 4008 vidit
393 3939 504 4004 velum
541 3935 637 4002 navis
674 3957 805 4023 [equora
842 3936 1008 4015 sulcantis,
1045 3942 1081 4010 et
1115 3958 1211 4004 avem
1248 3959 1317 4005 esse

270 4044 436 4112 aestimans
459 4041 528 4106 ait:
554 4045 573 4076 “
588 4039 680 4120 Ecce,
704 4039 830 4121 fratres,
854 4044 896 4105 ut
916 4040 998 4104 mihi
1014 4040 1156 4121 videtur,
1179 4061 1274 4108 avem
1296 4066 1317 4108 a

268 4147 365 4234 longe
401 4143 568 4211 volantem
605 4141 791 4231 prospicio.”
847 4141 906 4206 Illi
936 4147 1048 4208 autem
1079 4141 1235 4228 diligenti
1264 4144 1316 4210 in-

271 4250 362 4316 tuitu
398 4249 460 4313 hoc
497 4245 738 4312 considerantes
771 4244 1080 4312 animadverterunt
1116 4265 1184 4310 uon
1220 4267 1316 4315 avem

270 4374 348 4432 esse,
374 4349 432 4416 sed
462 4348 633 4416 carbasum
662 4347 830 4413 orriuedam
855 4347 976 4413 carinae
999 4346 1079 4412 illuc
1101 4347 1316 4416 advenientis.

270 4454 316 4521 Et
345 4453 431 4519 facto
462 4451 618 4538 temporis
644 4449 833 4530 intervallo,
859 4449 966 4516 omnis
989 4448 1156 4515 hastario
1179 4473 1201 4514 a
1225 4473 1316 4518 men-

269 4559 359 4623 tibus
380 4577 492 4620 ecrnm
515 4553 658 4620 evanuit.
701 4551 800 4617 Unde
822 4551 930 4638 gavisi
949 4556 1027 4616 sunt
1047 4551 1168 4638 gaudio
1187 4574 1315 4640 magno,

270 4659 495 4746 intelligentes
520 4677 629 4744 preces
654 4675 728 4720 suas
752 4676 773 4717 a
797 4652 870 4718 Deo
897 4653 1070 4718 exauditas
1094 4655 1201 4721 fuisse.
1245 4657 1317 4742 Ap-

269 4763 510 4850 propinquante
531 4781 610 4826 vero
636 4758 715 4824 navi
738 4756 780 4822 ad
802 4757 942 4822 eundem
966 4756 1080 4836 locum,
1104 4758 1317 4826 elevaverunt
