3542 5800
453 853 496 918 44
720 867 784 918 mn
809 867 856 917 nn
878 868 1011 920 meme
1035 869 1122 918 sene
1146 869 1232 918 mss.

283 1059 377 1112 Onthe
496 1049 620 1116 Eodem
643 1072 729 1116 enno
752 1051 824 1116 Elle
847 1073 907 1118 rex
927 1051 1102 1118 Deirorum
1125 1051 1298 1117 defunctus
1321 1058 1378 1118 est
1426 1053 1500 1132 Quo

282 1127 398 1250 {effi}
450 1157 588 1230 mortuo,
622 1152 829 1220 Athelfiidns
859 1176 920 1218 rex
947 1154 1173 1220 Bernieiorum
1199 1155 1305 1220 filium
1332 1156 1403 1220 eius
1433 1155 1500 1218 Ed-

281 1259 430 1338 sonfflwin
451 1255 576 1320 winum
610 1256 775 1344 expellens
801 1279 902 1344 regno
927 1256 1110 1334 Deirorum,
1148 1258 1214 1322 dno
1243 1279 1343 1342 iegna
1372 1260 1500 1322 strenu-

282 1340 429 1458 ffifiby
450 1357 558 1423 issime
587 1357 795 1444 gubernavit
866 1359 917 1424 Ae
950 1360 1109 1424 Edwinus
1147 1360 1182 1422 in
1222 1360 1358 1424 exilium
1388 1359 1500 1445 pulsus

281 1457 419 1588 &mit
449 1460 598 1524 exulavit
627 1483 701 1526 cum
734 1460 913 1527 Redwnido
943 1484 1019 1548 rege
1050 1461 1269 1526 O1ientnlium
1306 1462 1498 1550 Anglornm,

281 1589 406 1642 Remus.
449 1582 617 1648 quousque
639 1585 697 1648 per
719 1563 813 1628 illum
837 1585 938 1650 regno
959 1586 1019 1629 suo
1041 1565 1216 1630 restitutus
1239 1570 1297 1630 est

280 1755 371 1806 natu.

280 1823 386 1876 Westm.

279 1895 436 2020 goffia
773 1893 775 1898 '
877 1885 960 1951 One.
984 1885 1072 1951 LIV.

279 2028 417 2152 {35'594'
749 2038 799 2104 De
823 2037 919 2105 obitu
947 2039 1067 2106 Wtbbae
1088 2039 1189 2125 rents.

213 2280 217 2290 .
279 2167 433 2298 iiigbgithe
500 2200 605 2262 ANNO
649 2200 765 2284 gratiae
810 2199 1072 2284 quingentesimo
1120 2199 1330 2284 nonagesimo
1380 2204 1496 2284 quarto

279 2300 414 2360 nescisne,
448 2301 569 2366 Wibbe
601 2321 660 2364 rex
692 2301 888 2366 Merniorum
927 2301 1017 2366 obiit
1064 2300 1130 2368 cui
1163 2302 1317 2366 suecessit
1351 2301 1495 2381 cherlus,

278 2366 338 2417 dies.
356 2367 435 2418 Cher·
571 2404 578 2417 .
889 2404 895 2417 ,
1023 2404 1029 2417 ,
1309 2405 1316 2418 ,

277 2433 376 2492 lushis
448 2427 514 2470 non
534 2403 621 2468 finus
642 2403 699 2468 sed
722 2425 979 2490 eonsengumeus
1002 2425 1083 2484 ems,
1108 2403 1218 2469 decem
1240 2425 1343 2470 eume

278 2513 413 2576 suscenset,

278 2579 363 2629 rugus
376 2572 407 2616 10

279 2647 360 2698 years.

278 2828 400 2882 coucnu-
493 2809 544 2873 Eu
582 2807 738 2894 quonism
776 2807 959 2872 Historiam
996 2807 1037 2872 de
1075 2807 1185 2873 Gestis
1226 2812 1261 2872 et
1298 2809 1495 2874 successione

277 2911 346 2949 ⁵¹⁰⁸·
447 2913 574 2999 Regum
605 2913 795 2999 Anglorum,
826 2932 925 2997 qnam
960 2912 1003 2975 nb
1036 2934 1124 2977 enno
1157 2912 1320 2979 edventns
1352 2913 1494 2999 ipsorum

445 3018 598 3102 primitus
620 3016 655 3080 in
678 3014 894 3091 Britanniam,
918 3014 1070 3079 videlieet
1100 3014 1143 3081 ab
1167 3036 1254 3082 enno
1276 3015 1393 3101 gratioe
1415 3038 1498 3099 que·

447 3118 701 3207 dringentesimo
741 3116 990 3205 quadragesimo
1022 3138 1118 3192 nono,
1150 3138 1255 3201 usqne
1292 3116 1336 3181 ud
1372 3138 1495 3181 annum

444 3224 559 3309 gratiss
590 3222 888 3308 quingentesimum
917 3219 1164 3305 nonagesimum
1187 3223 1327 3296 sextum,
1360 3219 1417 3303 qui
1446 3224 1497 3284 est

444 3346 550 3387 eunus
587 3324 782 3389 centesimus
827 3321 1096 3407 qundmgesimus
1133 3321 1291 3407 septimus
1334 3320 1496 3385 adventus

444 3427 587 3509 ipsorum
619 3425 655 3487 in
689 3423 905 3499 Britanniam,
938 3427 1038 3507 prout
1074 3424 1111 3487 in
1144 3423 1272 3508 seriptis
1309 3426 1494 3489 sanctorum

443 3528 574 3611 patrum
593 3523 773 3589 luculenter
797 3524 912 3589 existit
930 3523 1102 3601 declarate,
1128 3525 1206 3589 stilo
1228 3528 1340 3590 nostro
1358 3524 1496 3590 dednxi-

443 3649 515 3691 mus
557 3624 778 3704 exhaustam
823 3647 912 3690 nunc
957 3647 1036 3691 vero
1076 3625 1156 3712 quin
1199 3631 1330 3713 tempus
1377 3627 1494 3713 gratim

443 3730 621 3816 attigimus,
664 3728 701 3792 in
742 3750 808 3814 qun
844 3726 962 3793 Oriens
1000 3749 1043 3793 ex
1080 3726 1150 3793 ulte
1185 3732 1318 3814 gentem
1347 3732 1494 3793 nostram

443 3832 659 3919 Anglieenem
680 3830 834 3918 dignutus
858 3834 908 3895 est
928 3830 1071 3906 visitare,
1093 3829 1239 3917 ipsuma
1265 3831 1495 3916 supeistitione

442 3934 559 4023 gentili
579 3934 622 4000 nd
643 3932 720 3999 fidei
742 3954 841 3999 seerae
865 3932 1028 3997 culturam
1049 3932 1301 3996 miserieorditer
1320 3932 1493 4010 evocando,

280 4068 345 4119 Fine
357 4070 431 4119 Book
444 4038 556 4103 ienireo
584 4036 742 4102 Histon'ne
763 4040 885 4101 nostrae
909 4034 1091 4120 praelibatoe
1113 4033 1213 4099 Libro
1238 4033 1349 4100 Pn'mo
1371 4040 1493 4100 metum

274 4136 387 4187 ⁰⁰¹¹¹⁸¹¹²⁸
443 4140 580 4225 figentes
612 4140 655 4206 ed
685 4138 871 4205 Secundum
899 4136 1035 4202 Librum
1061 4135 1167 4222 operis
1190 4137 1359 4222 piaesentis
1381 4137 1495 4203 stilum

275 4203 318 4253 the
329 4203 417 4267 Pugna
687 4243 693 4257 ,

277 4268 374 4319 period.
442 4246 592 4307 nostrum
615 4242 770 4307 duxlmus
792 4238 1057 4307 convertendum.

440 4436 494 4445 ..n-—

733 4544 903 4611 Exmmm
925 4544 1035 4609 Lmen
1057 4541 1201 4609 anns
