3542 5800
424 876 471 926 na
493 876 607 927 omns
629 874 750 927 nacon
771 874 941 927 ason-1.
963 876 1099 928 raocsu
1261 858 1281 925 t

235 1067 348 1128 contra
369 1067 556 1155 exterorum
580 1062 776 1127 incursiones
799 1061 929 1127 fortiter
951 1066 1082 1127 tuentes
1111 1060 1282 1145 vicinaque
1307 1042 1315 1059 ⁸

235 1196 336 1263 regna
351 1194 412 1241 suc
430 1177 607 1242 subdentes
629 1175 773 1262 imperio,
796 1196 834 1241 ac
858 1174 1109 1261 triumphalibus
1131 1172 1282 1237 adornati

237 1286 389 1366 victoriis,
405 1288 549 1355 audacia
565 1288 844 1375 animositatisque
858 1288 1043 1375 exemplum
1058 1286 1125 1352 suis
1147 1284 1284 1373 posteris

237 1402 447 1487 reliquerunt.
491 1401 646 1468 Ceterum
660 1422 738 1467 vero
760 1404 846 1468 inter
859 1400 982 1489 primos
996 1401 1178 1489 Anglorum
1193 1418 1284 1486 reges

237 1514 370 1598 quidam
384 1512 525 1591 memus,
542 1514 717 1599 dequibus
738 1514 836 1579 etiam
859 1534 998 1600 praesens
1023 1514 1160 1579 historia
1178 1518 1284 1577 tacere

237 1646 304 1690 non
318 1624 425 1703 debet,
448 1624 506 1712 qui
520 1624 708 1712 religionem
723 1626 944 1693 Christianam
958 1646 1089 1713 prorsus
1100 1626 1285 1714 ignorantes

239 1738 332 1803 vanis
355 1738 529 1826 gentilium
554 1739 740 1805 serviebant
763 1740 931 1805 erroribus
985 1738 1032 1803 Hi
1057 1746 1168 1806 tamen
1192 1740 1228 1803 in
1250 1760 1285 1803 re

237 1851 373 1918 militari
391 1857 425 1919 et
439 1852 562 1917 bellicis
582 1852 858 1940 congressionibus
879 1860 948 1918 tam
963 1852 1078 1917 famosi
1092 1852 1284 1930 extitenrnt,

239 1966 327 2051 quod
340 1970 377 2031 ct
389 1964 520 2031 illorum
542 1972 636 2053 geste
655 1966 865 2032 memoranda
885 1966 1014 2053 praelati
1036 1964 1287 2051 historiographi

241 2079 282 2143 sd
304 2079 483 2165 legentium
513 2080 692 2145 utilitatem
722 2080 789 2145 suis
818 2080 854 2143 in
883 2080 1046 2145 codicibus
1076 2079 1287 2144 decrevemmt

241 2199 406 2259 annotare.
452 2192 505 2271 Et,
529 2198 569 2258 ut
594 2192 738 2258 breviter
759 2198 951 2281 praesentem
974 2192 1201 2259 concludamus
1219 2214 1288 2257 ma·

241 2307 367 2384 teriam,
397 2306 434 2371 in
457 2307 640 2394 Anglorum
665 2304 796 2392 regibus
821 2304 881 2370 vix
905 2313 963 2372 aut
995 2329 1068 2373 raro
1103 2306 1288 2392 quempiam

241 2421 388 2505 reperies,
412 2421 471 2505 qui
493 2420 530 2485 in
552 2420 625 2484 vita
646 2440 707 2483 sua
729 2420 862 2505 aliquod
880 2442 947 2485 non
964 2420 1162 2486 commiserit
1176 2418 1288 2484 buda·

241 2536 307 2601 bile
333 2542 397 2601 ,aut
425 2536 616 2613 virtuosum,
633 2537 737 2622 ‚quod
767 2536 904 2623 posteris
933 2534 1000 2601 sua
1029 2558 1097 2601 non
1135 2536 1288 2601 inmerito

241 2649 481 2735 relinqueretur
503 2648 539 2713 in
563 2650 755 2735 exemplum.
801 2648 930 2715 Talium
955 2650 1059 2735 igitur
1073 2656 1107 2715 et
1121 2654 1289 2714 tantorum

242 2768 333 2848 gusta
356 2761 539 2847 principum
564 2763 749 2828 veneranda
773 2760 944 2827 memorati
966 2762 1142 2849 scriptores,
1165 2768 1204 2827 ut
1219 2762 1290 2829 dix·

244 2876 335 2954 imus,
358 2876 403 2941 ad
427 2875 675 2942 instructionem
696 2875 883 2942 futurorum
905 2874 972 2941 suis
987 2876 1115 2964 scriptis
1129 2896 1290 2942 commen-

246 2991 372 3066 darunt,
404 2989 560 3074 quatinus
589 2989 750 3056 dictorum
773 2990 931 3077 exemplis
957 2989 1139 3076 principum
1169 2989 1291 3074 posteri

246 3104 287 3166 ad
304 3102 518 3167 incitamenta
539 3103 701 3168 virtutum
724 3103 900 3188 provocati,
917 3123 971 3166 eos
993 3123 1074 3186 quos
1095 3101 1292 3166 mirarentur

246 3214 366 3280 imitari
389 3216 568 3280 studerent.
616 3215 745 3281 Horum
770 3237 847 3301 ergo
870 3213 1106 3280 venerabilium
1132 3217 1224 3300 gesta
1243 3235 1292 3278 re
1304 3223 1466 3304 meander,

247 3349 323 3413 gum
342 3349 364 3392 a
379 3327 641 3413 prudentissimis
663 3327 744 3392 viris
760 3326 860 3394 variis
883 3329 921 3392 in
943 3327 1020 3394 locis
1043 3327 1241 3413 diversisque
1256 3291 1449 3407 inffffi⁸

246 3440 406 3506 codicibus
428 3440 609 3506 luculenter
637 3441 805 3527 descripta,
837 3463 897 3528 ego
926 3441 1028 3507 frater
1054 3441 1214 3508 Ricardus
1243 3421 1452 3540 ecffifm'*

246 3552 348 3618 clesiae
385 3552 474 3617 besti
511 3551 603 3618 Petri
641 3551 922 3618 westmonasterii
959 3576 1057 3640 prope
1089 3553 1291 3619 Londoniam
1303 3555 1414 3612 masur,

1304 3621 1427 3685 complled

247 3667 428 3745 monachus,
444 3668 595 3752 quamvis
616 3665 777 3755 indignus,
802 3668 846 3732 ad
859 3668 1039 3733 utilitatem
1060 3667 1239 3753 legentium
1258 3675 1292 3732 et
1304 3687 1344 3736 uu
1355 3687 1425 3736 work

248 3780 384 3846 fratrum
411 3781 663 3846 consolationem
691 3801 833 3866 praesens
863 3803 944 3867 opus
974 3780 1145 3867 compilare
1171 3781 1290 3858 curavi,
1304 3751 1453 3867 ffiflnssffl

249 3900 281 3958 et
306 3916 346 3959 ea
374 3915 449 3980 quse
477 3894 514 3958 in
542 3894 701 3960 chronicis
731 3894 960 3982 multiplicium
985 3895 1094 3960 studio
1115 3883 1390 3960 relatonunride

250 4013 383 4073 exarata
418 4009 614 4094 perpendere
643 4007 734 4072 valui
763 4009 996 4093 veracibusque
1027 4007 1294 4094 descriptionibus

251 4120 318 4186 vidi
342 4119 476 4206 digesta,
497 4120 534 4184 in
563 4120 705 4185 codicem
734 4121 880 4208 compegi
910 4125 1109 4206 praesentem,
1135 4124 1174 4183 ut
1206 4119 1233 4182 si
1259 4118 1295 4182 in

252 4237 372 4296 eventu
390 4230 493 4316 aliqui
517 4230 558 4296 de
577 4231 673 4296 dictis
692 4231 792 4308 libris,
817 4253 859 4296 ex
884 4231 1003 4317 quibus
1026 4231 1091 4296 ista
1114 4231 1293 4318 compilavi,

253 4345 293 4409 ad
311 4367 429 4410 manus
454 4344 583 4410 lectoris
605 4367 671 4410 non
688 4344 850 4424 affuerint,
877 4352 938 4411 aut
952 4345 1015 4411 sibi
1031 4344 1182 4413 defecerit
1196 4345 1296 4410 libro·

252 4476 322 4523 rum
336 4457 437 4543 copia,
453 4479 495 4522 ex
509 4479 650 4543 quorum
670 4462 828 4522 contextu
843 4457 1016 4544 presentia
1037 4458 1199 4535 transtuli,
1216 4463 1295 4522 tunc
1332 4515 1337 4522 .

252 4589 389 4654 praesens
415 4570 536 4658 ραςὶωι
556 4571 666 4637 studio
688 4571 826 4656 legentis
849 4571 1027 4637 satisfaciat
1051 4570 1087 4634 in
1110 4571 1171 4636 hac
1194 4577 1294 4655 parte,

253 4686 289 4745 et
316 4684 413 4749 avide
447 4682 579 4754 sitienti
593 4689 687 4770 gesta
716 4683 888 4770 degustare
920 4685 1041 4771 regalia
1072 4704 1115 4748 cx
1145 4682 1299 4769 praesenti

1141 4811 1164 4858 Δ
1187 4801 1207 4858 2
