3542 5800
512 841 576 903 114
776 852 841 901 nro.
865 852 912 899 ns
935 851 1066 901 ornnuo.
1091 850 1177 901 erno.
1202 850 1289 901 mss.

509 1028 622 1095 biliter
657 1032 694 1097 in
731 1033 944 1099 oonversione
981 1034 1128 1120 ooniugis
1164 1033 1268 1099 vestri
1310 1030 1557 1115 summissaque

509 1133 604 1198 vobis
636 1133 745 1220 gentis
776 1136 915 1222 dignate
944 1134 1044 1201 fuant
1077 1135 1215 1221 operari,
1238 1135 1399 1221 prosperis
1421 1138 1558 1219 quanto

509 1234 578 1300 eius
607 1238 735 1303 nuntiis
756 1238 916 1317 relevetis,
941 1238 1098 1325 quatinus
1120 1237 1304 1304 sollicitudo
1335 1242 1456 1313 nostra,
1484 1255 1558 1321 quae

508 1337 550 1401 de
580 1339 684 1403 vestri
713 1345 966 1427 vestrorumque
996 1341 1143 1407 omnium
1176 1340 1296 1407 animae
1327 1340 1434 1405 salute
1467 1342 1559 1424 opta·

509 1438 591 1505 bilia
612 1440 833 1508 desideranter
853 1447 1016 1531 expectat,
1032 1442 1127 1509 vobis
1142 1443 1373 1509 nuntiantibus
1387 1442 1558 1514 relevetur,

508 1542 825 1632 illustrationemque
856 1544 990 1611 Divinae
1023 1546 1265 1631 propitiationis
1286 1546 1324 1609 in
1343 1545 1439 1611 vobis
1462 1542 1560 1608 diffu-

509 1667 579 1710 sam
614 1648 801 1733 opulentius
834 1654 1054 1735 agnosoentes‚
1087 1648 1184 1713 hilari
1209 1648 1407 1714 confessione
1446 1644 1559 1731 Largi·

509 1748 576 1813 tori
598 1750 746 1815 omnium
767 1750 929 1817 bonorum
952 1752 1023 1817 Deo
1044 1756 1079 1817 et
1100 1750 1198 1816 beato
1213 1749 1312 1817 Petro
1327 1748 1560 1837 Apostolorum

510 1852 650 1939 principi
672 1854 788 1919 uberes
810 1853 929 1919 merito
951 1854 1074 1940 gratiss
1097 1851 1322 1919 exsolvamus¹

557 1963 575 1991 “
590 1955 754 2021 Praeterea
767 1956 1028 2021 benedictionem
1043 1956 1233 2042 protectoris
1247 1955 1351 2023 vestri
1364 1953 1455 2019 beati
1470 1950 1561 2017 Petri

508 2059 730 2143 apostolorum
762 2058 921 2145 principis
944 2058 1039 2124 vobis
1063 2058 1242 2124 direximus
1254 2081 1262 2137 ;
1299 2058 1415 2131 idest,
1447 2076 1558 2141 specu-

507 2160 578 2224 lum
593 2164 786 2247 argenteum
800 2166 835 2226 et
857 2160 1021 2247 pectinem
1036 2161 1215 2226 eburneum
1237 2160 1445 2225 inauratum:
1471 2157 1559 2243 quod

506 2262 658 2346 petimus,
674 2268 767 2328 uteo
780 2263 997 2349 benignitatis
1012 2264 1122 2329 animo
1136 2263 1240 2349 gloria
1261 2268 1371 2328 vestra
1392 2260 1557 2346 suscipiat,

508 2385 574 2449 quo
588 2386 609 2428 a
623 2364 718 2429 nobis
740 2367 886 2431 noscitur
907 2363 1137 2431 destinatum”
1182 2365 1265 2431 Haeo
1288 2365 1419 2451 quidem
1434 2384 1558 2428 memo·

505 2471 598 2530 ratus
613 2488 699 2552 papa
721 2466 908 2533 Boniiaeius
933 2469 973 2533 de
995 2468 1101 2534 salute
1128 2467 1214 2555 regis
1237 2466 1369 2533 Edwini
1391 2488 1428 2531 ae
1448 2464 1558 2552 gentis

506 2567 608 2653 ipsius
630 2568 751 2635 litteris
772 2568 901 2657 agebat.

911 3011 991 3080 OAP.
1018 3011 1163 3078 XXVII.

339 3217 440 3274 Beue
454 3226 492 3276 12.
505 3209 556 3276 De
582 3209 720 3277 oraculo
747 3207 875 3287 ooebsti,
901 3207 991 3296 qaod
1021 3207 1167 3274 aduam
1198 3205 1374 3295 quendam
1397 3205 1555 3274 aulana

550 3309 912 3499 mafffmm
945 3331 1057 3398 repom
1086 3308 1198 3398 piatos
1234 3307 1371 3376 Divr'snu
1407 3309 1554 3377 amatore

336 3631 472 3687 lavim
550 3613 621 3681 San
659 3619 694 3681 et
731 3615 897 3682 oraculum
929 3616 1059 3681 eoeleste
1094 3615 1180 3703 quod
1219 3613 1358 3680 Edwino
1389 3613 1554 3700 quondam

335 3701 404 3750 ‘¹⁵¹⁰
414 3703 494 3818 ψ
505 3714 656 3783 exulanti
694 3718 782 3805 apud
828 3717 1045 3783 Redvaldum
1082 3737 1193 3804 regem
1227 3715 1410 3803 Anglorum
1446 3717 1554 3803 pietas

336 3775 464 3888 ffibfla
504 3819 629 3886 Divina
651 3819 797 3886 revelem
828 3821 964 3907 dignata
994 3825 1050 3897 est,
1083 3841 1150 3884 non
1178 3819 1352 3884 minimum
1382 3819 1425 3884 ad
1455 3819 1553 3884 misd-

503 3923 624 4012 pienda
649 3922 704 3989 vel
729 3921 944 4009 intelligenda
970 3921 1126 3987 doetrinae
1151 3920 1277 3987 monita
1303 3919 1456 3986 saluteris
1481 3943 1553 3986 sen-

503 4051 576 4094 sum
590 4027 678 4092 iuvit
701 4025 797 4090 illius
845 4024 931 4090 Oum
951 4043 1029 4111 ergo
1052 4023 1181 4089 videret
1208 4021 1364 4088 Paulinus
1380 4021 1554 4089 difficulter

504 4151 595 4216 posse
622 4125 859 4194 sublimitatem
887 4126 990 4190 animi
1019 4126 1138 4213 regalis
1163 4125 1207 4190 ad
1236 4123 1458 4190 humilitatem
1487 4127 1553 4192 viae

502 4228 655 4294 salutaris
680 4234 715 4295 et
738 4228 979 4316 sucipiendum
1001 4226 1195 4314 mysterium
1209 4226 1352 4294 vivificae
1375 4227 1477 4294 erucis
1503 4228 1553 4292 in-

502 4331 624 4408 clinari,
650 4351 689 4395 ae
711 4351 770 4417 pro
796 4331 903 4397 salute
925 4330 1022 4411 illius,
1042 4329 1190 4396 simulet
1211 4331 1320 4418 gentis
1335 4331 1387 4396 oui
1401 4335 1550 4417 praeerat,

502 4439 537 4499 et
551 4432 652 4498 verbo
672 4432 911 4499 exhortationis
931 4433 1018 4521 apud
1043 4433 1200 4512 homines,
1225 4439 1259 4499 et
1285 4433 1373 4519 apud
1393 4433 1553 4500 Divinam

809 4739 815 4770 ¹
834 4736 995 4805 eoewlvumue]
1015 4739 1169 4804 exolvamufl,
1180 4737 1237 4790 MS.
