3542 5800
510 887 557 935 nn
579 885 696 936 orsms
719 885 842 936 eroon
863 884 1047 938 anon-11.
1066 875 1116 936 53.
1266 873 1329 936 215

285 1074 436 1142 victimas
466 1097 566 1142 sacrae
596 1074 774 1142 oblationis
810 1097 870 1164 pro
901 1077 1067 1164 ereptione
1105 1097 1238 1143 suorum
1276 1075 1334 1162 qui

285 1179 327 1244 de
349 1180 467 1246 saeculo
482 1181 731 1267 migraverunt:
756 1181 996 1246 intellexerunt
1023 1181 1111 1246 enim
1138 1181 1216 1266 quie
1238 1179 1334 1245 secri-

283 1281 394 1347 ficium
417 1283 562 1349 aalma
592 1282 636 1348 ad
659 1283 919 1370 redemptionem
942 1284 1069 1350 valeret
1093 1289 1128 1349 et
1157 1285 1277 1349 animae
1300 1286 1335 1348 et

285 1387 427 1472 eorporis
450 1386 692 1474 sempiternam.

331 1488 429 1554 Hanc
452 1495 564 1554 antem
591 1489 763 1554 historiam
790 1487 834 1554 ad
859 1488 1049 1556 futurorum
1075 1487 1232 1557 notitiam
1257 1487 1335 1556 huic

284 1593 374 1678 operi
396 1593 535 1680 dignum
558 1592 639 1657 duxi
662 1592 875 1660 inserendam

287 2068 537 2138 Communem.
584 2071 684 2156 Quod
720 2071 890 2158 Egiricius
927 2093 986 2140 ren
1020 2071 1335 2140 Noctiumtrorum
1348 2078 1501 2131 ueniere.

317 2181 449 2260 pentem
459 2171 640 2243 Hibernia
654 2173 788 2261 afflixit,
801 2182 831 2244 et
846 2174 887 2244 <o
901 2183 1007 2244 niorto
1022 2175 1139 2263 ipsius
1150 2174 1303 2262 Epsridi.

328 2382 435 2450 Arno
478 2381 662 2452 Dominieoe
704 2381 939 2451 incarnationis
976 2381 1210 2450 sexcentesimo
1249 2387 1335 2452 octo-
1349 2399 1415 2454 hl).
1428 2407 1487 2455 aar.

282 2485 406 2571 gesimo
443 2493 570 2572 quarto,
606 2487 761 2574 Egiridus
797 2509 857 2553 rex
895 2487 928 2552 N
931 2487 1196 2554 orthumbrorum
1234 2469 1464 2588 mi⁸⁵⁰sneildldm

284 2587 480 2654 Hiberniam
503 2612 577 2656 cnm
604 2591 752 2656 exercitu
782 2591 862 2657 duee
884 2590 1018 2670 Bertho,
1045 2593 1191 2657 vastavit
1216 2593 1483 2668 misereamynao

282 2697 414 2779 gentem
438 2691 608 2758 innoxiam
631 2698 666 2758 et
695 2693 823 2760 nationi
847 2694 1031 2781 Anglorum
1056 2717 1182 2782 semper
1208 2695 1334 2761 amicis-
1345 2671 1452 2722 [relano

281 2793 398 2860 simam
410 2820 419 2876 3
452 2795 503 2860 ita
533 2801 573 2860 ut
608 2817 651 2861 ne
688 2797 829 2862 ecclesiis
866 2797 999 2883 quidem
1033 2803 1092 2862 ant
1129 2799 1335 2865 monasteriis

282 2918 399 2964 manus
442 2904 590 2985 parceret
634 2897 772 2967 hostilis
826 2900 875 2967 Aa
913 2901 1063 2979 insulani,
1103 2909 1138 2967 et
1176 2910 1336 2988 quantum

282 3001 460 3067 valuerunt
490 3002 590 3067 armis
628 3024 720 3067 anna
748 3002 961 3091 repellebant,
993 3010 1029 3069 et
1057 3005 1247 3070 invocantes
1278 3005 1338 3070 Di-

282 3102 370 3171 vinae
400 3105 562 3171 auxilium
593 3104 728 3192 pietatis
753 3106 882 3171 coelitus
913 3128 948 3171 se
977 3106 1139 3171 vindicari
1172 3108 1338 3173 continuis

283 3206 342 3272 diu
366 3208 644 3295 inprecationibus
670 3209 891 3295 postulabant.
939 3208 984 3273 Et
1011 3211 1163 3294 quemvis
1187 3211 1337 3277 maledici

283 3332 421 3397 regnum
442 3311 506 3376 Dei
530 3312 693 3398 possidere
717 3334 784 3375 non
808 3313 943 3398 possint,
966 3312 1127 3377 creditum
1154 3319 1337 3379 esttamen

283 3415 371 3499 quod
408 3414 444 3477 hi
478 3414 536 3499 qui
567 3414 686 3479 merito
724 3413 904 3501 impietatis
942 3437 1010 3481 suae
1049 3416 1335 3496 maledicebantur,

283 3516 371 3581 ocius
401 3516 544 3581 Domino
566 3518 697 3583 vindice
722 3539 837 3603 poenas
871 3518 924 3583 sui
954 3522 1065 3585 reatus
1095 3520 1230 3586 luerent.
1287 3522 1338 3587 Si-

283 3620 416 3705 quidem
439 3641 525 3684 anno
548 3626 623 3705 post
645 3620 732 3685 huno
754 3620 906 3705 proximo
929 3622 1017 3687 idem
1040 3644 1107 3701 rex,
1125 3646 1198 3689 cum
1215 3630 1336 3690 temere

283 3724 463 3787 exercitum
484 3723 618 3787 duceret
638 3722 680 3787 ad
706 3724 904 3788 vastandam
932 3724 1100 3790 Pictorum
1123 3728 1334 3813 provinciam,
1352 3734 1419 3786 A·D·
1436 3738 1493 3785 ⁶8⁵·

282 3826 425 3889 multum
455 3823 705 3911 prohibentibus
735 3825 848 3891 amicis
879 3831 914 3890 et
950 3828 1095 3893 maxime
1133 3829 1239 3895 beatae
1269 3852 1336 3895 me·

282 3928 394 3994 moriae
410 3926 595 3993 Cuthberto
619 3927 677 4013 qui
700 3949 805 4014 nuper
831 3929 940 3994 firerat
962 3930 1133 3995 ordinatus
1158 3932 1333 4020 episcopua,

281 4023 490 4095 introductus
520 4034 577 4106 est,
610 4028 858 4096 simulantibus¹
891 4030 1003 4117 fugam
1032 4031 1189 4111 hostibus,
1215 4034 1252 4098 in
1278 4058 1336 4100 an·

281 4134 407 4221 gerstias
435 4133 672 4198 inaccessorum
695 4134 867 4211 montium,
901 4138 935 4198 et
965 4156 1039 4199 cnm
1069 4136 1215 4201 maxima
1240 4144 1334 4223 parte

279 4237 446 4322 copiarum
469 4256 550 4320 quas
573 4256 682 4302 secum
706 4236 891 4301 adduxerat
914 4238 1089 4317 extinctor,
1115 4260 1202 4304 anno
1224 4242 1333 4307 estatis
1345 4258 1427 4309 Βοιὼ
1440 4256 1470 4309 of

280 4361 347 4405 suae
385 4338 641 4424 quadragesimo,
678 4338 772 4425 regni
809 4343 921 4403 autem
959 4340 1075 4425 quinto
1113 4342 1247 4421 decimo,
1280 4345 1331 4409 die
1344 4326 1473 4443 ffldgt·

280 4440 547 4529 quartadecima²
576 4440 792 4507 kalendarum
815 4440 999 4507 Juniarum.
1056 4442 1102 4509 Et
1128 4446 1267 4530 quidem,
1293 4452 1331 4513 nt
1344 4458 1508 4591 &effluet

315 4755 515 4827 ¹sirsalontitus]
540 4757 714 4823 similantibus,
726 4757 784 4812 MSa
810 4768 817 4899 p
867 4758 1089 4829 2ιμιανίαιὶεσίηιιι]
1156 4762 1334 4822 tertiadecima.

849 4840 911 4890 Bed.
924 4841 957 4891 iv.
972 4847 1014 4892 26.
