3542 5800
473 865 520 913 aa
541 862 659 915 omns
681 866 803 917 moon
826 862 1009 917 aron-11.
1034 850 1084 921 37.
1239 852 1296 915 151

249 1040 457 1107 eoemeterio¹
497 1042 739 1109 Lindifarnensi
779 1042 886 1108 dietus
923 1064 983 1109 rex
1022 1040 1122 1121 Oswi,
1155 1040 1301 1109 eiusdem

248 1144 352 1209 sancti
382 1144 471 1233 regis
500 1146 646 1213 Oswaldi
680 1142 862 1233 germanus,
896 1146 1018 1213 fenerat
1054 1144 1206 1233 sepeliri;
1243 1146 1300 1211 sed

248 1247 387 1313 nuncin
401 1248 535 1314 ecelesia
557 1249 774 1315 Dunolmensi
796 1250 885 1313 inter
907 1248 1041 1315 brachia
1063 1250 1178 1315 Sancti
1197 1248 1301 1315 Outh-

249 1348 334 1415 berti
371 1352 480 1416 teneri
516 1352 602 1417 infra
631 1352 787 1419 scrinium
818 1352 966 1417 eiusdem
1004 1352 1094 1419 beati
1133 1352 1300 1439 pontificis

250 1454 413 1519 asseritur.

293 1554 365 1620 Neo
387 1556 494 1621 solnm
518 1558 624 1623 inoliti
648 1558 736 1623 fama
759 1558 824 1623 viri
846 1558 1030 1625 Britanniae
1047 1558 1128 1623 fines
1145 1558 1302 1625 lustravit
1315 1562 1435 1615 Minoles

250 1658 428 1735 universos,
461 1660 519 1725 sed
547 1660 648 1725 etiam
672 1664 763 1725 trans
787 1682 944 1727 ooaanum
967 1662 1062 1747 longe
1084 1660 1192 1725 radios
1218 1660 1305 1725 salu-
1291 1646 1391 1763 -ssy'ffi‘
1386 1632 1469 1749 {¹2}oe

249 1758 355 1825 tiferae
383 1760 465 1826 lueis
495 1784 658 1849 spargens
698 1763 886 1829 Germania
924 1763 1023 1829 simul
1059 1767 1094 1829 et
1132 1762 1356 1829 Hibemiaoam
1332 1766 1461 1883 moenem

250 1870 359 1949 partes
382 1865 506 1952 attigit
576 1865 727 1982 Denique
752 1866 1037 1932 reverentissimus
1063 1864 1203 1931 antistas
1233 1830 1337 1951 qui-F

251 1965 336 2046 dam,
382 1967 470 2033 Aooa
522 1968 662 2043 nomine,
714 1968 888 2046 referebat,
928 1968 1007 2055 quia
1049 1990 1123 2033 oum
1165 1966 1304 2033 Romam

251 2068 382 2148 vadens,
419 2070 509 2157 apud
546 2070 788 2137 sanctissimum
837 2072 1017 2137 Fresonum
1056 2070 1165 2157 gentis
1202 2070 1305 2135 arohi-

250 2172 437 2259 episoopum
483 2172 691 2239 Wilbrodum
737 2195 813 2239 oum
858 2196 918 2239 eno
956 2174 1107 2239 antistite
1152 2172 1304 2238 Wilfiido

250 2281 441 2353 moraretur,
473 2276 587 2343 erebro
617 2296 693 2342 eum
723 2276 866 2341 audierit
900 2276 940 2340 de
973 2274 1131 2341 mirandis
1162 2298 1237 2363 quae
1260 2276 1303 2341 od

246 2378 402 2464 reliquias
423 2378 570 2444 eiusdem
592 2378 850 2444 reverentissimi
877 2378 964 2465 regie
988 2378 1024 2443 in
1049 2378 1106 2442 illa
1129 2379 1300 2463 proviin-ia

250 2480 500 2565 gestafuerunt,
515 2503 656 2546 narrare.

295 2582 363 2649 Sed
377 2588 412 2647 et
427 2583 511 2671 [inP
527 2582 693 2649 Hibernia
706 2604 782 2649 oum
797 2583 972 2670 presbyter
986 2582 1093 2649 adhue
1104 2584 1305 2671 peregrinam

250 2706 310 2772 pro
340 2690 465 2753 aeterna
486 2688 595 2773 patria
621 2687 755 2752 duoeret
784 2685 900 2765 vitam,
933 2708 1097 2751 rumorem
1120 2686 1306 2751 sanctitatis

251 2787 339 2853 illiue
369 2788 405 2853 in
427 2810 467 2853 ea
499 2810 630 2875 quoque
654 2788 764 2853 insula
796 2790 892 2875 longe
930 2788 1062 2873 lateque
1086 2788 1152 2853 iam
1183 2810 1307 2875 perore-

251 2890 360 2958 bnieee
374 2891 508 2960 ferebat.
568 2892 597 2957 E
622 2890 743 2980 quibus
758 2913 864 2958 unum
887 2892 976 2978 quod
1002 2892 1089 2958 inter
1102 2890 1169 2958 alia
1191 2890 1306 2958 retulit

252 2993 454 3076 miraculum,
485 2995 639 3084 praesenti
669 3001 795 3062 nostrae
826 2996 974 3062 historiae
1006 2995 1215 3060 inserendum
1238 3015 1305 3060 ore-

254 3097 369 3163 dimna

1316 1846 1402 1975 Bais·
1386 1924 1421 1976 ni.
1433 1930 1470 1976 1³.

298 3412 550 3480 comissario.
608 3412 659 3477 De
681 3387 833 3498 quodam
854 3411 1049 3480 eototoetioo
1072 3409 1112 3478 da
1134 3409 1255 3478 abortiis
1320 3433 1475 3486 eatinis.

616 3513 769 3582 articulo
795 3513 946 3581 liberato.

300 3712 318 3739 ‘⁴
333 3701 522 3790 Tempore,'’
538 3704 657 3789 inquit,
676 3704 919 3770 “mortalitatis
934 3725 1008 3790 quae
1024 3703 1220 3770 Hiberniam
1237 3703 1309 3768 Bri·
1321 3721 1353 3772 1n
1366 3721 1476 3773 Ireland.

255 3807 470 3893 tanniamque
491 3807 562 3872 lata
592 3811 701 3893 strage
723 3807 880 3884 vastavit,
902 3829 1071 3892 percussus
1093 3810 1143 3872 est
1164 3807 1310 3870 eiusdem

254 3909 344 3976 olade
367 3908 468 3995 pestis
493 3908 582 3974 inter
608 3909 690 3973 alios
719 3907 935 3974 scholasticus
965 3908 1101 3994 quidam
1124 3907 1164 3971 de
1191 3929 1310 3994 genere

259 4011 456 4088 Soottorum,
483 4011 600 4076 doctus
630 4011 765 4097 quidem
804 4011 859 4076 vir
891 4011 1002 4076 studio
1036 4009 1231 4084 litterarum,
1255 4010 1312 4074 sed

258 4136 335 4200 erga
371 4130 482 4179 euram
520 4119 688 4199 perpetuae
725 4136 794 4179 suae
832 4113 1026 4178 salvationis
1063 4110 1147 4174 nihil
1178 4111 1311 4175 omnino

257 4217 360 4282 studii
385 4223 419 4281 et
442 4216 615 4280 industriae
645 4237 767 4301 gerens.
830 4215 994 4295 Quicum
1018 4235 1051 4278 se
1076 4213 1176 4278 morti
1200 4215 1310 4300 proxi-

257 4341 346 4384 mum
360 4319 498 4396 videret,
514 4319 631 4382 timere
656 4319 759 4404 coepit
785 4324 820 4383 et
841 4339 971 4404 pavere,
995 4339 1037 4382 ne
1059 4337 1138 4382 mox
1160 4324 1311 4384 mortuus

257 4421 299 4487 ob
333 4421 453 4486 merita
490 4421 648 4486 scelerum
689 4421 733 4484 ad
772 4421 895 4485 inferni
933 4420 1075 4486 claustra
1116 4425 1309 4508 raperetur:

258 4523 479 4609 clamavitque
500 4545 561 4600 me,
579 4543 655 4588 oum
678 4543 781 4588 essem
808 4524 845 4587 in
859 4522 1001 4588 vieinia³
1015 4523 1149 4610 positus,
1174 4528 1209 4588 et
1223 4525 1311 4588 inter

350 4677 561 4684 -ο-,ο-ο--ω-
565 4677 615 4684 00—-
637 4675 730 4684 --——
752 4677 854 4682 -——-
876 4677 881 4682 -
905 4677 912 4680 -

344 4761 485 4827 Μενίου]
486 4762 603 4820 milano
614 4761 669 4813 MS
734 4677 928 4892 ‘M‘a'cia

289 4762 378 4906 :irase
361 4840 477 4892 omlis.
