3542 5800
446 802 512 867 210
714 815 779 866 me.
802 816 850 866 nn
872 815 1007 866 manne.
1031 815 1119 866 enno.
1143 813 1229 864 mss.

278 1094 698 1164 Bith-2⁰·CONT1NUAT10.
745 1094 796 1160 De
818 1091 963 1180 hymn&
981 1115 1057 1180 qooe
1074 1092 1168 1160 Beda
1188 1091 1394 1160 veaaobitis
1406 1114 1500 1179 pree-

500 1199 591 1284 byter
620 1205 649 1263 et
675 1197 863 1264 monachos
900 1197 943 1263 io
974 1197 1136 1266 honorem
1165 1196 1319 1286 ynaesatae
1348 1195 1501 1284 virginis

500 1300 733 1387 AEthetdis'ttoe
756 1301 953 1390 conposito.

278 1481 368 1536 Bede‘s
496 1475 660 1540 VIDETUR
685 1479 905 1562 opportunum
929 1474 1005 1540 huie
1029 1473 1173 1540 historiae
1197 1473 1298 1540 etiam
1322 1471 1497 1558 hymnum¹

279 1564 398 1668 ffll‘sn
447 1579 650 1666 virginitatis
682 1579 830 1654 inserere,
864 1599 962 1662 quem
996 1579 1032 1642 in
1066 1575 1197 1642 laudem
1231 1597 1269 1640 ae
1303 1577 1500 1662 praeconium

280 1684 371 1738 dritta.
448 1682 593 1747 eiusdem
616 1683 738 1768 reginae
761 1703 798 1746 ae
821 1702 947 1767 sponsae
970 1679 1095 1746 Christi
1110 1678 1350 1754 AEtheldn'thae,
1375 1683 1409 1744 et
1430 1679 1502 1744 ideo

448 1785 609 1852 veraciter
630 1785 752 1870 reginae
775 1785 854 1868 quia
876 1805 1003 1870 sponsae
1032 1781 1164 1858 Christi,
1192 1780 1389 1848 venerabilis
1412 1781 1503 1846 Beda

450 1887 622 1976 presbyter
652 1891 686 1951 et
716 1885 894 1954 monaehus
924 1891 1002 1954 ante
1033 1906 1136 1954 annos
1167 1885 1325 1973 plurimos
1362 1884 1502 1974 elegiaco

450 1995 554 2061 metro
577 1990 767 2081 'composuit

887 2191 1060 2278 Hymos-s.

496 2331 596 2396 Alma
618 2329 709 2394 Deus
732 2329 885 2405 Trinitas,
911 2349 984 2412 quse
1008 2325 1126 2394 saeeuls
1147 2329 1269 2392 cuncta·
1288 2325 1457 2412 gubernas,

541 2433 661 2498 Annne
684 2433 751 2496 iam
774 2432 899 2518 coeptio,
923 2431 1010 2495 alma
1033 2429 1124 2494 Deus
1147 2428 1300 2494 Trinitas.

497 2535 590 2602 Bella
612 2534 707 2600 Maro
729 2541 867 2610 resonet,
892 2556 952 2600 nos
975 2532 1062 2618 pasis
1086 2533 1172 2598 dona
1194 2553 1369 2598 canamus:

542 2639 681 2704 Munera
703 2660 763 2704 nos
787 2637 920 2714 Christi,
944 2635 1031 2700 bella
1055 2635 1149 2702 Maro
1172 2641 1309 2702 resonet

498 2743 652 2809 Carmina
672 2747 762 2808 easta
782 2740 874 2820 mihi,
899 2739 995 2804 foedae
1019 2760 1086 2802 non
1108 2743 1222 2824 raptus
1245 2737 1402 2804 Helenae:

543 2847 656 2913 Luxus
680 2846 743 2911 erit
764 2843 906 2921 lubricis,
931 2843 1077 2908 earmina
1100 2845 1190 2908 easta
1211 2841 1300 2907 mihi.

498 2952 595 3017 Dona
616 2972 758 3036 superna
778 2948 902 3032 loquar,
927 2946 1055 3011 miserto
1078 2966 1145 3009 non
1167 2945 1281 3031 praelia
1303 2944 1432 3031 Trojae‚²

542 3055 643 3118 Terra
665 3040 784 3139 quibus
807 3051 952 3136 gaudet:
977 3049 1063 3115 dona
1086 3070 1227 3135 superna
1248 3050 1370 3135 loquar.

498 3158 551 3223 En
575 3158 666 3223 Deus
689 3156 776 3221 altus
798 3154 870 3219 adit
892 3152 1088 3217 venerandae
1111 3152 1249 3238 virginis
1272 3152 1406 3233 alvnm;

545 3260 678 3325 Liberet
701 3264 739 3323 ut
760 3257 918 3333 homines,
943 3278 984 3319 en
1007 3254 1097 3321 Deus
1120 3256 1207 3321 altus
1230 3256 1311 3320 adit.

499 3362 638 3428 Femina
660 3362 755 3446 virgo
778 3360 865 3445 pan't
888 3358 1005 3423 mundi
1029 3358 1149 3423 devota
1171 3365 1347 3443 parentem,

544 3464 645 3529 Porta
668 3463 774 3529 Maria
797 3461 870 3537 Dei,
895 3460 1018 3526 femina
1039 3460 1134 3546 virgo
1161 3462 1256 3546 parit.

501 3566 632 3633 Gaudet
654 3566 759 3629 amiea
781 3564 894 3631 cotom
918 3564 958 3629 de
981 3563 1109 3649 virgine
1132 3568 1237 3629 matrs
1259 3565 1436 3631 Tonantis:

545 3668 746 3755 virginitate
768 3667 893 3733 mioans
915 3667 1037 3753 gaudet
1059 3666 1164 3731 amica
1186 3666 1305 3733 cohors.

502 3771 613 3839 Huius
635 3771 740 3836 honor
761 3770 877 3855 genuit
899 3774 989 3833 casto
1013 3768 1053 3833 de
1075 3768 1221 3853 germine
1244 3770 1360 3857 plures,

546 3873 718 3960 Virgineos
740 3872 834 3937 flores
855 3870 953 3937 huius
976 3870 1080 3936 honor
1101 3870 1224 3956 genuit.
1296 3949 1302 3958 ¹

504 3976 643 4064 Ignibus
665 3980 740 4040 usta
761 3974 838 4037 feris
860 3974 955 4058 virgo
978 3994 1045 4037 non
1067 3978 1171 4037 cessat
1194 3972 1349 4059 Agathe,³

548 4078 678 4143 Eulalia
701 4082 735 4141 et
756 4074 878 4161 pensent
901 4074 1033 4160 ignibus
1056 4080 1132 4139 usta
1154 4074 1237 4139 feris.

505 4182 605 4247 Casta
627 4180 710 4244 feras
734 4182 865 4264 superat
888 4176 1008 4241 mentis
1031 4198 1090 4263 pro
1113 4176 1254 4242 culmine
1278 4178 1381 4259 Teela,

548 4282 732 4368 Euphemia
754 4279 902 4367 rapidas⁴
927 4286 1016 4346 easta
1042 4279 1126 4345 feras
1153 4284 1292 4367 superat.

357 4646 363 4657 ,
494 4600 501 4628 ¹
525 4596 608 4661 hymno
619 4627 652 4637 -
664 4596 785 4661 hymnum]
822 4612 961 4662 ympno-
1042 4600 1052 4627 ¹
1070 4603 1149 4647 cessat
1167 4596 1275 4665 Aqatte]
1295 4606 1375 4649 cesset
1390 4598 1512 4664 Agathos,

460 4692 588 4743 ympnnm,
601 4677 666 4737 MS„
678 4678 727 4725 and
742 4690 770 4727 so
784 4677 860 4741 again
874 4677 960 4729 below.
1007 4678 1066 4736 MS.

493 4759 503 4787 ²
520 4755 614 4823 Trojoe]
634 4756 725 4824 Tinge,
737 4754 794 4807 MS.
1043 4756 1181 4825 ‘rapidaq
1201 4771 1278 4817 saera,
1291 4757 1352 4809 Bed.
1365 4758 1400 4810 iv.
1414 4763 1454 4807 20.
