3542 5800
496 891 545 944 ns
569 889 685 944 ersrrs
708 889 829 942 amun
852 888 1037 943 auen—11.
1062 877 1090 941 o.
1270 875 1314 940 63

250 1105 327 1172 pore
349 1085 463 1150 saneta
485 1081 620 1148 eeclesia
643 1081 796 1168 quaedam
813 1103 872 1168 per
887 1080 1050 1146 fervorem
1066 1079 1209 1167 corrigit,
1226 1101 1314 1166 quae

251 1189 326 1253 dam
341 1209 400 1274 per
414 1185 704 1252 mansuetudinem
726 1185 859 1266 tolerat,
883 1183 1036 1270 quaedam
1058 1203 1116 1269 per
1130 1182 1313 1248 considera-

250 1291 377 1357 tionem
400 1287 594 1366 dissimulat,
627 1291 727 1373 atque
759 1287 807 1353 ita
839 1291 954 1374 portat
987 1291 1023 1351 et
1057 1284 1250 1364 dissimulat,
1274 1291 1314 1352 ut

252 1413 338 1479 saepe
361 1391 486 1458 malum
510 1389 599 1478 quod
621 1389 817 1456 adversatur
839 1390 1004 1478 portando
1019 1393 1054 1454 et
1077 1388 1314 1454 dissimulando

253 1498 446 1580 compescet.
492 1493 616 1560 Omnes
638 1497 750 1558 autem
782 1493 841 1579 qui
872 1493 916 1557 ad
950 1493 1050 1558 fidem
1084 1493 1232 1570 veniunt,
1256 1493 1314 1556 al-

253 1597 520 1676 monendisunt‚
544 1595 676 1662 natale
707 1595 833 1681 aliquid
863 1595 1010 1660 audeant
1040 1599 1236 1682 perpetrare.
1278 1596 1314 1660 Si

253 1700 311 1786 qui
345 1703 457 1764 autem
491 1698 763 1786 perpetraverint,
796 1699 940 1785 eorporis
971 1702 1007 1763 ct
1038 1696 1208 1784 sanguinis
1246 1697 1316 1762 Do-

255 1802 340 1867 mini
370 1799 617 1867 communione¹
653 1799 809 1888 privandi
842 1805 943 1866 sunt:
975 1799 1055 1886 quia
1088 1799 1173 1865 sieut
1202 1800 1238 1864 in
1264 1801 1316 1866 his

257 1905 317 1991 qui
344 1927 403 1991 per
436 1901 659 1992 ignorantiam
682 1905 840 1984 fecerunt,
875 1903 972 1990 culpa
1004 1902 1212 1988 aliquatenus
1234 1903 1314 1968 tole-

252 2007 359 2072 randa
391 2011 451 2088 est,
488 2009 538 2072 ita
575 2007 611 2072 in
647 2007 699 2072 his
736 2007 869 2072 fortiter
906 2006 1118 2091 insequenda,
1156 2004 1215 2091 qui
1246 2025 1315 2070 non

252 2115 408 2177 metuunt
431 2111 565 2176 sciendo
587 2109 746 2198 peeoure.”

299 2211 530 2300 Iorcwoqatto
556 2212 644 2279 beati
669 2210 877 2299 Augustini.
917 2209 987 2278 “Si
1009 2213 1234 2300 longinquitas
1256 2214 1311 2280 iti·
1326 2219 1349 2264 ⁶-
1362 2211 1456 2291 eonse-

254 2317 343 2382 neris
365 2339 486 2404 magna
507 2317 687 2396 interiacet,
719 2322 759 2381 ut
790 2316 932 2402 episcopi
962 2337 1030 2381 non
1059 2315 1154 2382 facile
1176 2317 1312 2383 valeant
1323 2283 1461 2410 {siffis

253 2420 436 2500 convenire,
468 2443 513 2486 an
543 2421 662 2486 debeat
693 2421 763 2485 sine
793 2418 935 2484 aliorum
972 2419 1198 2508 episcoporum
1229 2443 1312 2508 pree-

255 2522 365 2588 aeutia
386 2522 555 2612 episeopus
577 2522 722 2590 ordinari
738 2521 777 2586 t”

302 2623 492 2713 Responsio
507 2622 771 2710 tectioreqmtt.
810 2625 892 2690 “Ut
915 2625 1048 2712 quidem
1071 2625 1107 2690 iu
1130 2625 1314 2712 Angiorum

257 2727 399 2806 ecelesia,
426 2729 463 2792 in
495 2749 561 2814 qua
598 2728 706 2793 adhue
744 2727 830 2792 solus
868 2732 908 2792 tu
945 2730 1113 2816 episeopus
1146 2730 1313 2808 inveniris,

258 2831 410 2898 ordinare
433 2830 620 2919 episcopum
643 2851 711 2895 non
732 2829 831 2895 aliter
852 2830 918 2896 nisi
944 2831 1014 2895 sine
1038 2832 1195 2919 episeopis
1215 2838 1314 2919 potes.

261 2935 350 3000 Nam
373 2934 507 3021 quando
530 2934 570 2998 de
594 2932 697 2999 Gallis
724 2934 866 3019 episcopi
899 2934 1053 3013 veniunt,
1083 2934 1142 3020 qui
1170 2934 1207 2998 in
1230 2937 1317 2999 ordi·

260 3038 395 3105 natione
429 3036 571 3125 episcopi
604 3040 705 3102 testes
739 3034 942 3101 assistentt⁹
987 3034 1054 3099 Sed
1076 3034 1318 3101 fraternitatem

263 3144 357 3205 tuam
394 3140 445 3205 ita
482 3140 634 3205 volumus
672 3138 838 3225 episcopos
868 3137 1029 3215 ordinare,
1073 3142 1112 3202 ut
1156 3138 1219 3223 ipsi
1253 3140 1316 3204 sibi

263 3243 404 3331 episcopi
426 3243 523 3328 longo
546 3241 722 3308 intervallo
744 3240 880 3305 minime
903 3238 1145 3327 disiungantur,
1162 3241 1319 3328 quatinus

265 3346 355 3412 nulla
385 3344 430 3410 sit
460 3346 655 3427 neoessitas3
693 3348 733 3409 ut
767 3345 803 3409 in
834 3343 1041 3408 ordinatione
1071 3344 1214 3431 episcopi
1247 3368 1321 3433 pas-

265 3452 353 3514 tores
382 3468 512 3533 quoque
543 3448 600 3513 alii
630 3468 770 3535 quorum
800 3447 978 3534 praesentia
1015 3448 1113 3513 valde
1146 3453 1197 3513 est
1226 3449 1320 3514 utilis

265 3549 359 3615 facila
396 3549 555 3617 debeant⁸
591 3552 774 3618 convenire.
828 3550 914 3616 Cum
944 3550 1049 3637 igitur
1081 3557 1215 3617 auctore
1249 3552 1321 3617 Deo

265 3652 314 3717 ita
335 3652 460 3718 fuerint
489 3655 631 3741 episcopi
666 3656 700 3719 in
734 3654 925 3741 propinquis
956 3653 1021 3719 sibi
1058 3653 1136 3718 locis
1167 3654 1320 3731 ordinati,

265 3776 323 3841 per
346 3756 458 3821 omnia
479 3758 702 3843 episcoporum
725 3757 892 3821 ordinatio
913 3756 983 3821 sine
1005 3756 1193 3842 aggregatis
1214 3757 1322 3820 tribus

266 3856 320 3921 vel
342 3862 501 3943 quattuor
524 3858 682 3946 episcopis
704 3858 777 3925 fieri
807 3880 875 3924 non
909 3858 1016 3924 debet.
1073 3857 1162 3922 Nem
1184 3858 1221 3921 in
1243 3858 1323 3943 ipsis

268 3959 365 4025 rebus
387 3959 621 4047 spiritualibus,
645 3966 684 4027 ut
707 3962 871 4049 sapienter
894 3966 930 4025 et
950 3965 1081 4027 maturo
1097 3961 1323 4045 disponantur,

268 4060 455 4146 exemplum
478 4060 607 4128 trahere
630 4086 650 4128 a
680 4064 777 4131 rebus
800 4065 903 4129 etiam
934 4061 1121 4127 carnalibus
1143 4084 1324 4148 possumus.

270 4162 368 4229 Certe
384 4163 472 4228 enim
496 4164 577 4231 dum
607 4166 759 4254 coniugia
788 4167 825 4231 in
855 4165 980 4231 mundo
1009 4164 1225 4244 celebrantur,
1249 4190 1323 4233 oon-

269 4264 376 4353 iugati
398 4266 520 4351 quique
543 4274 774 4347 convocentur,
798 4269 918 4355 utqui
948 4268 986 4333 in
1014 4268 1071 4334 via
1092 4268 1159 4333 iam
1180 4269 1325 4357 coniugii

270 4373 515 4455 precesserunt,
552 4369 588 4435 in
624 4371 852 4458 subsequentis
882 4394 1012 4461 quoque
1041 4373 1166 4460 copule
1202 4375 1325 4460 gaudio

835 4590 975 4599 ..·--.——-—
989 4594 1007 4599 -
1024 4594 1066 4600 —
1080 4594 1199 4601 .——-.-

307 4728 502 4797 ¹rommanione]
516 4730 698 4795 comminue,
709 4732 765 4785 MS.
859 4734 998 4800 'deteanq
1033 4752 1085 4787 non
1115 4739 1229 4799 debeant,
1258 4738 1328 4794 MS.;

305 4808 315 4836 ²
331 4808 462 4875 andriani]
477 4810 589 4875 assium,
602 4812 657 4861 MS.
826 4814 1012 4877 debeantBed
