3542 5800
481 879 528 928 nn
549 877 663 928 orsus
684 877 804 929 eroon
825 875 1008 928 enon.--11.
1031 864 1082 926 64.
1248 861 1311 928 275

266 1065 415 1134 redderet
447 1066 592 1144 rutilum,
626 1087 698 1132 eeee
729 1065 839 1134 subito
872 1070 946 1132 toto
976 1065 1036 1132 lux
1066 1063 1124 1133 illo
1145 1063 1314 1134 subtruote

266 1167 435 1255 diflpuruit
459 1175 494 1238 ot
514 1168 609 1256 quusi
637 1169 787 1257 quodum
808 1168 959 1246 oolurnno
980 1166 1107 1236 nebulis
1128 1166 1205 1234 hino
1236 1165 1313 1232 inde

266 1272 422 1358 oppositis
455 1272 597 1341 obduoto
629 1272 692 1341 sub
722 1272 811 1338 nube
841 1273 958 1359 erupit,
998 1293 1072 1358 quoe
1110 1268 1313 1358 aliquamdiu

265 1375 407 1460 quadem
428 1377 522 1448 tenui
542 1375 676 1444 flemme
697 1375 744 1440 eis
765 1377 906 1464 vestigio
935 1375 1016 1445 luein
1038 1375 1224 1445 ministrare
1245 1394 1312 1442 non

265 1477 368 1545 desiit.
435 1479 518 1564 Quae
540 1479 690 1550 uolumus
711 1479 809 1567 longo
830 1479 986 1566 temporis
1008 1477 1184 1546 intervallo
1206 1476 1313 1564 pervi-

264 1581 397 1648 ontibue
430 1587 481 1652 111
513 1582 636 1670 agnito,
671 1581 728 1648 sed
760 1583 969 1668 postmodum
1003 1583 1210 1670 dispensante
1240 1579 1311 1644 Deo

263 1704 392 1753 rursum
413 1707 435 1752 e
456 1685 544 1755 nube
565 1690 721 1772 suscepto.
783 1685 912 1758 Deinde
935 1685 1025 1759 uisus
1048 1690 1098 1754 est
1129 1684 1310 1770 nigrescere

263 1787 312 1852 ⁸01
333 1793 368 1859 et
389 1787 538 1857 horridos
560 1787 710 1858 tenebras
732 1788 837 1857 noetis
859 1790 1014 1876 ingerere,
1050 1789 1222 1874 medioque
1245 1785 1310 1854 diei

263 1890 369 1975 spatio
401 1891 493 1979 pioeo
529 1890 667 1978 uligine
700 1891 867 1959 involutos
901 1912 1013 1959 omnes
1047 1891 1170 1978 puriter
1203 1891 1311 1956 exter-2

263 1990 353 2056 rere¹
401 1993 551 2081 Cumque
573 1993 609 2060 in
631 1993 787 2062 sooietete
801 1993 891 2061 beuti
907 1993 1117 2061 virioomites
1135 1989 1309 2080 stupefacti

264 2094 468 2174 mirarentur,
504 2102 538 2161 et
569 2117 611 2164 er
642 2096 809 2182 insperato
832 2095 922 2187 quod
956 2095 1116 2165 resideret
1153 2093 1308 2163 mireeulo

262 2199 403 2283 suspecti
423 2204 621 2275 tenerentur,
638 2198 863 2264 AEthelbertus
885 2199 983 2265 homo
999 2199 1063 2264 Dei
1085 2200 1131 2264 eie
1154 2197 1308 2263 blondum

262 2301 513 2367 oonsoletionem
535 2301 658 2380 intulit,
689 2302 815 2388 telique
836 2323 983 2369 sermone
1005 2303 1121 2368 seriem
1144 2323 1211 2367 suoe
1233 2321 1307 2364 ner·

261 2402 399 2469 rationis
431 2404 560 2492 inoepit.
616 2403 790 2482 “Nolite,’'
823 2404 941 2490 inquit,
979 2405 1080 2484 “filii,
1112 2404 1214 2470 nolite
1236 2407 1305 2467 tur·
1318 2427 1446 2493 thtre·

261 2502 341 2584 beri,
373 2505 451 2572 lieet
471 2507 572 2574 radiis
594 2506 765 2574 oooultetis
787 2508 882 2573 nobis
907 2507 1051 2575 Phoebus
1080 2511 1185 2575 lucem
1207 2503 1431 2630 negorflss0
1344 2495 1475 2614 ‘mermi‘

261 2609 347 2673 verit
368 2609 442 2687 diei,
477 2611 568 2676 nulle
598 2610 761 2679 maestitiae
791 2610 958 2699 gravitate
987 2611 1170 2679 afficiantur
1204 2608 1305 2678 enimi
1315 2561 1466 2682 1111111111

262 2713 372 2776 vestri
419 2711 568 2800 Cumque
589 2713 672 2778 ulter
694 2713 835 2778 alterum
853 2715 965 2780 videre
987 2737 1054 2780 non
1076 2716 1187 2803 possit,
1211 2715 1308 2780 socier

263 2834 334 2879 mus
356 2816 517 2905 supplices
538 2815 574 2880 id
607 2815 695 2907 quod
723 2815 818 2882 nobie
849 2817 992 2905 expedit,
1025 2824 1151 2887 mentes
1181 2824 1309 2885 nostros

262 2922 296 2982 et
318 2939 450 3007 corpora
472 2925 714 3009 prosternemus
735 2918 829 2985 humi
849 2921 972 3007 gratius
994 2928 1126 3008 agentes
1151 2920 1255 3011 [Deo]
1276 2924 1311 2987 et

264 3018 363 3087 Petri.
421 3020 643 3087 Humiliemue
679 3021 730 3087 1111
763 3022 889 3089 enimus
920 3028 1057 3107 nostrae,
1094 3024 1309 3092 oontritorum

263 3124 408 3200 eordium
444 3124 651 3191 immolantes
688 3124 848 3203 victimas,
893 3127 971 3214 quio
1008 3126 1199 3193 sucrificium
1236 3126 1309 3191 Deo

263 3226 396 3311 spiritus
418 3227 663 3307 contribulatus,
698 3232 733 3291 et
753 3227 815 3292 hoo
836 3232 887 3295 eet
921 3228 1009 3315 quod
1039 3234 1205 3317 aceeptere
1227 3228 1310 3293 solet

262 3328 488 3395 universorum
505 3330 663 3396 Conditor
678 3330 776 3395 Deus.
809 3330 994 3397 Adoremus
1009 3332 1032 3401 J
1034 3354 1125 3399 esum
1142 3330 1310 3398 Christum

262 3431 405 3498 viventis
427 3432 491 3498 Dei
514 3432 636 3504 Filium
663 3432 891 3521 Unigenitum,
915 3456 989 3501 cum
1019 3436 1132 3501 eodem
1155 3435 1252 3501 Petro
1274 3440 1309 3499 et

263 3532 388 3619 Spiritu
406 3534 529 3601 Sancto
543 3536 580 3599 in
594 3535 758 3601 Trinitete
779 3537 925 3623 perfeeto
940 3560 1043 3603 unum
1058 3560 1175 3605 verum
1189 3536 1308 3615 Deum,

262 3643 390 3703 orontes
428 3642 468 3705 ut
504 3638 655 3704 tenebras
689 3646 843 3705 amoveat
876 3646 912 3706 et
943 3641 1048 3707 cordis
1087 3649 1121 3707 et
1158 3642 1308 3729 eorporis,

262 3739 418 3829 nobisque
451 3740 555 3808 lucem
587 3741 741 3809 infrmdst
774 3742 1014 3810 inestimabilis
1045 3766 1113 3811 suae
1142 3744 1309 3811 claritatis.

263 3842 327 3925 Qui
349 3865 423 3909 cum
453 3866 599 3911 summus
621 3844 774 3932 Princeps
808 3847 852 3911 sit
885 3848 1040 3925 omnium,
1065 3848 1220 3913 (11111111
1252 3868 1309 3933 po-

261 3946 374 4013 tentiae
396 3968 465 4014 ruse
494 3952 681 4016 sustentans
704 3954 739 4014 et
769 3948 956 4035 gubernans
978 3949 1147 4031 mundum,
1182 3948 1310 4014 tribuet

261 4071 319 4120 sua
351 4052 460 4139 gretie
490 4051 596 4117 luoem
619 4050 685 4116 diei
707 4050 804 4118 citius
836 4051 1052 4133 inclarescere,
1086 4073 1185 4137 quam
1215 4051 1309 4117 nobis

261 4152 326 4217 iem
357 4154 498 4241 contigit
530 4153 699 4241 eliquanto
730 4159 876 4241 tempore
906 4175 973 4219 non
1003 4154 1147 4243 potuisse
1170 4152 1309 4219 videre.''

262 4253 325 4321 His
347 4260 382 4322 et
402 4254 590 4329 huiusmodi
612 4256 745 4343 gloriosi
759 4257 845 4343 regis
872 4257 1005 4323 monitis
1028 4280 1138 4323 omnes
1160 4258 1309 4345 praebent

262 4380 435 4441 assensum,
475 4364 509 4428 et
551 4360 675 4450 puriter
712 4381 785 4428 oum
822 4359 880 4425 illo
918 4366 1104 4426 corruentes
1140 4360 1176 4427 in
1221 4365 1309 4427 terro

261 4460 430 4528 unanimes
460 4462 642 4529 orationem
672 4484 765 4529 sunm
788 4464 948 4529 emittunt
969 4464 1012 4531 od
1034 4462 1151 4530 Deum.
1211 4464 1310 4531 Cum-

295 4807 690 4877 ¹oeumreJexterreruquu
778 4810 784 4880 Ι
839 4810 1145 4879 manusuetus.

1156 4902 1216 4961 12
