3542 5800
473 872 537 935 346
732 886 799 935 ruo.
823 885 869 933 nn
892 884 1023 934 crasso.
1047 884 1136 934 senc.
1161 885 1246 934 mer.

472 1070 529 1155 qui
568 1070 655 1134 inter
684 1068 898 1134 esurientium
939 1068 1041 1133 rictus
1071 1067 1202 1134 leonum
1232 1069 1355 1135 illesus
1391 1073 1517 1158 sprevit

472 1173 578 1237 minae
607 1172 845 1237 insidiantium.
904 1172 1117 1239 Assumentes
1140 1194 1217 1259 ergo
1242 1174 1391 1239 unanimi
1418 1176 1516 1241 devo

302 1291 323 1323 c.
357 1313 375 1351 .·
471 1276 560 1341 tione
583 1296 680 1362 quam
703 1275 899 1341 invenerant
920 1274 1161 1341 inaestimabilis
1175 1276 1273 1362 pretii
1296 1278 1516 1364 margaritam,

470 1400 544 1445 cum
565 1379 704 1465 profusis
718 1400 786 1466 prae
801 1378 923 1465 gaudio
937 1378 1145 1443 lacrimarum
1159 1378 1320 1446 imbribus
1334 1381 1515 1446 retulerunt

470 1482 512 1547 ad
550 1504 645 1549 suum
683 1504 808 1570 corpus,
846 1482 1073 1547 benedicentes
1112 1482 1220 1547 Deum
1249 1482 1286 1547 in
1314 1484 1447 1568 hymnis
1480 1489 1515 1549 et

469 1584 629 1665 leudibus,
658 1590 872 1673 prosequente
902 1604 1004 1671 usque
1032 1584 1141 1650 locum
1170 1584 1309 1671 sepulcri
1338 1585 1416 1673 lupo
1447 1608 1515 1651 ear-

469 1690 590 1755 nmdem
605 1690 817 1777 reliquiarum
840 1688 974 1755 custode
997 1693 1031 1753 et
1052 1688 1171 1753 baiulo.
1218 1687 1283 1768 Qui
1306 1688 1353 1753 eis
1376 1712 1398 1753 a
1420 1692 1514 1776 tergo

469 1794 652 1873 imminens,
685 1798 720 1859 et
744 1792 837 1881 qussi
863 1812 922 1879 pro
945 1790 1074 1878 perdito
1098 1792 1235 1877 pignore
1257 1791 1417 1878 relegens,
1441 1812 1515 1857 cum

469 1898 633 1961 neminem
663 1896 762 1961 etiam
794 1896 944 1959 irritatus
963 1892 1116 1974 ‘laederet
1148 1894 1272 1959 nemini
1304 1895 1515 1982 importunos

469 2000 633 2080 existeret,
664 2004 743 2064 nota
773 1997 901 2064 dilectae
938 1995 1125 2062 solitudinis
1156 2002 1281 2062 secreta
1312 1997 1435 2064 illaesus
1464 2018 1517 2063 re·

468 2104 587 2190 petiit3
635 2124 695 2169 nec
724 2101 863 2167 ulterius
892 2102 930 2165 in
958 2100 1024 2165 illis
1054 2099 1132 2166 locis
1169 2100 1266 2187 lupus
1300 2102 1404 2188 specie
1445 2107 1516 2167 tam

469 2207 626 2272 terribilis
644 2206 804 2294 apparuit.
851 2204 926 2284 Quo
947 2203 1084 2269 tandem
1099 2204 1279 2285 resedente,
1296 2227 1370 2270 cum
1388 2226 1517 2271 summa

469 2310 639 2397 diligentie
655 2316 688 2375 et
704 2309 792 2375 omni
807 2308 996 2395 sagacitatis
1011 2308 1122 2373 studio
1137 2312 1297 2394 aptantes,
1314 2309 1435 2395 quibus
1450 2328 1517 2375 cre-

468 2414 576 2478 ditum
599 2418 656 2491 est,
677 2418 776 2499 ceput
800 2434 874 2477 cum
897 2430 1029 2498 corpure
1051 2417 1171 2489 sancto,
1195 2432 1256 2497 pro
1278 2417 1425 2499 tempore
1448 2416 1515 2478 tro·

468 2516 623 2581 diderunt
638 2521 814 2601 utrumque
829 2515 951 2601 pariter
965 2514 1114 2579 iunctum
1129 2516 1327 2601 competenti
1342 2515 1514 2581 mausoleo.

468 2620 542 2699 Qua
564 2620 665 2685 etiam
687 2618 849 2685 aediiiceta
874 2618 934 2682 vili
957 2640 1054 2705 opere
1081 2618 1219 2705 desuper
1241 2617 1376 2684 basilica
1399 2618 1516 2684 multis

468 2723 563 2787 annis
584 2722 746 2809 requievit
768 2721 934 2799 humatus,
961 2720 1063 2785 donec
1090 2722 1212 2786 sedatis
1235 2722 1424 2788 omnimodo
1446 2722 1516 2786 bel·

468 2826 574 2890 lorum
595 2824 756 2891 incendiis
777 2828 812 2889 et
830 2822 942 2888 valide
956 2827 1155 2911 tempestate
1170 2824 1403 2911 persecutionis
1418 2824 1516 2912 coepit

468 2930 624 3016 respirare
654 2929 805 3016 religiosa
834 2929 939 3015 pietas
968 2926 1116 2992 fidelium
1140 2935 1252 3014 erepta
1285 2929 1327 2994 de
1355 2928 1515 3016 pressuris

468 3031 728 3098 tribulationum.
787 3031 868 3111 Quae
891 3027 950 3094 ubi
971 3036 1101 3118 tempus
1125 3036 1346 3118 opportunum
1373 3031 1514 3112 invenit,

342 3151 347 3168 ⁸
469 3135 685 3214 devotionem,
710 3153 808 3222 quam
823 3153 902 3220 erga
915 3134 1143 3200 beatissimum
1157 3155 1267 3222 regem
1282 3139 1317 3201 et
1330 3139 1511 3222 martyrem

469 3238 680 3305 Edmundum
706 3238 832 3319 babuit,
871 3256 1006 3324 operum
1044 3235 1248 3305 exhibitione
1286 3238 1515 3326 multipliciter

466 3343 660 3431 propalavit.
721 3341 814 3407 Idem
852 3361 994 3427 namque
1023 3347 1155 3406 sanctus
1184 3339 1246 3406 sub
1284 3341 1344 3406 vili
1380 3342 1515 3429 tugurio

467 3449 677 3513 sanctificatae
713 3447 836 3524 domus,
874 3445 966 3510 cuius
996 3449 1081 3510 esset
1120 3443 1210 3532 apud
1249 3445 1355 3510 Deum
1393 3445 1512 3526 meriti,

467 3550 587 3616 crebris
610 3547 843 3615 manifestabat
865 3548 1097 3614 miraculorum
1112 3548 1223 3635 signis
1270 3546 1401 3630 Quibus
1415 3549 1513 3615 rebus

466 3657 614 3742 permota
637 3652 780 3719 eiusdem
806 3650 983 3738 provincia
998 3651 1187 3732 multitudo,
1212 3672 1279 3716 non
1301 3651 1407 3718 solum
1422 3651 1513 3738 vulgi

467 3757 524 3824 sed
539 3757 639 3824 etiam
658 3754 827 3834 nobilium,
843 3755 880 3818 in
894 3755 977 3819 ville
997 3755 1088 3841 regia
1110 3775 1185 3840 quae
1200 3753 1315 3842 lingua
1329 3748 1512 3842 Anglorum

367 3897 372 3908 ·
417 3925 427 3936 ,
468 3859 726 3927 Bedriceswrthe
750 3859 879 3938 dicitur,
907 3855 1028 3923 Latina
1058 3876 1135 3923 vero
1161 3857 1293 3923 Bedrici
1326 3858 1427 3922 cortis
1453 3878 1513 3922 ro·

467 3969 568 4046 catur,
599 3962 783 4030 construxit
822 3961 1058 4049 permaximam
1089 3961 1172 4026 miro
1207 3960 1315 4049 ligneo
1356 3960 1513 4027 tabulatu

466 4068 639 4148 ecclesiam,
671 4065 714 4132 sd
745 4081 843 4153 quarn
873 4085 956 4144 eum,
986 4069 1026 4130 ut
1056 4061 1202 4144 decebat,
1232 4065 1405 4131 transtulit
1436 4084 1512 4130 cum

466 4183 585 4254 magne
602 4165 713 4255 gloria
761 4160 825 4231 Sed
839 4164 961 4229 mirum
991 4164 1101 4229 dictu!
1131 4184 1206 4228 eum
1229 4163 1313 4230 illud
1335 4163 1513 4250 pretiosum

359 4336 365 4350 ,
465 4291 580 4356 corpus
610 4268 766 4355 martyris
796 4267 1017 4355 putrefactum
1031 4273 1207 4354 putaretur
1236 4267 1279 4332 ob
1312 4267 1506 4334 diuturnum

465 4373 607 4461 spatium
632 4371 790 4439 transacti
816 4371 980 4459 temporis,
1007 4371 1058 4435 ite
1081 4391 1197 4436 sanum
1221 4375 1256 4436 et
1279 4371 1441 4437 incolume
1462 4376 1513 4436 est

464 4483 639 4565 repertum,
653 4481 700 4556 ut,
728 4498 796 4542 non
825 4475 932 4541 dicam
958 4479 1057 4560 eaput
1084 4474 1344 4561 redintegratum
1371 4481 1405 4540 et
1427 4494 1513 4540 com-

464 4582 656 4668 paginatum
687 4579 820 4666 corpori,
852 4577 910 4643 sed
939 4577 1071 4642 omnino
1107 4577 1143 4640 in
1169 4597 1207 4641 eo
1237 4576 1322 4640 nihil
1352 4576 1508 4656 vulneris,

464 4683 548 4747 111111
572 4682 730 4747 cicatricis
757 4680 951 4768 apparuerit.
1001 4677 1118 4765 Sicque
1148 4701 1219 4744 cum
1245 4679 1430 4744 reverentia
1453 4701 1513 4744 no

465 4785 639 4852 minandus
669 4788 802 4850 sanctus
838 4805 897 4849 rex
927 4787 962 4847 et
990 4789 1117 4866 martyr
1156 4781 1350 4847 Edmundus
1379 4781 1510 4869 integer
