3542 5800
462 853 526 917 190
727 869 792 917 arc.
815 868 862 916 na
884 867 1015 917 olanuc.
1039 868 1126 918 spuo.
1150 869 1237 918 nrsr.

458 1055 627 1120 terialibus
656 1056 755 1120 simul
784 1062 819 1121 et
848 1056 1070 1121 ecclesiasticis
1108 1055 1285 1143 disciplinis
1322 1055 1505 1134 institutus,

460 1156 581 1223 (imore
613 1158 796 1244 peniteret
829 1158 958 1224 Iustinae
988 1159 1110 1245 linguae
1139 1158 1361 1244 peritissimus.
1407 1158 1507 1223 Hunc

458 1260 501 1324 ad
515 1282 549 1325 sa
563 1260 703 1326 accitum
718 1282 804 1347 papa
818 1260 914 1326 iussit
937 1261 1123 1346 episcopatu
1145 1265 1275 1346 accepto
1299 1259 1505 1324 Britanniam

456 1361 576 1427 venire.
632 1362 699 1442 Qui
734 1363 908 1449 indignum
945 1386 980 1429 se
1017 1369 1111 1428 tanto
1148 1363 1265 1448 gradui
1301 1363 1503 1448 respondens,

457 1464 627 1529 ostendere
655 1485 749 1550 posse
779 1487 813 1530 se
843 1466 932 1530 dixit
955 1465 1064 1542 alium,
1091 1466 1182 1530 ouius
1208 1465 1313 1552 magis
1339 1466 1382 1529 ad
1407 1465 1505 1530 susci-

456 1566 613 1651 piendum
645 1567 865 1652 episcopatum
896 1574 931 1633 et
961 1567 1103 1632 eruditio
1133 1567 1323 1633 conveniret
1353 1572 1387 1632 et
1416 1571 1503 1632 atas

459 1668 597 1754 Ounque
611 1669 806 1734 monachum
820 1669 984 1754 quendam
1006 1669 1047 1735 de
1069 1669 1177 1734 vicino
1192 1671 1357 1755 virginum
1380 1691 1506 1735 monas·

457 1771 549 1848 terio,
573 1772 704 1836 nomina
738 1771 915 1847 Andream,
947 1771 1097 1856 pontifici
1129 1770 1269 1849 offerret,
1294 1771 1348 1835 hic
1371 1771 1414 1836 ab
1437 1792 1504 1834 om-

458 1873 555 1938 nibus
587 1874 646 1958 qui
677 1878 848 1949 novenmt,
882 1871 1000 1958 dignus
1033 1873 1222 1959 episcopatu
1252 1873 1415 1937 iudicatus
1447 1878 1503 1936 est

457 1974 580 2040 Verum
605 1976 733 2061 pondus
758 1995 918 2061 corporeae
943 1975 1154 2052 infirmitatis,
1177 1995 1219 2039 ne
1242 1975 1408 2060 episcopus
1433 1974 1504 2038 fieri

456 2083 572 2163 posset,
589 2077 726 2142 obstitit
772 2077 818 2142 Et
839 2099 970 2142 rursum
993 2077 1159 2142 Adrianus
1181 2074 1240 2141 ad¹
1264 2076 1503 2161 suscipiendum

455 2181 675 2265 episcopatum
705 2186 835 2244 coactus
857 2185 929 2244 est:
963 2181 1019 2264 qui
1054 2179 1151 2264 petiit
1177 2178 1331 2256 inducias,
1363 2179 1391 2242 si
1421 2177 1504 2242 forte

456 2281 565 2357 alium,
600 2282 658 2365 qui
694 2281 861 2367 episcopus
894 2281 1106 2361 ordinaretur,
1139 2301 1181 2346 cx
1218 2285 1363 2366 tempore
1397 2284 1505 2366 posset

455 2404 610 2447 mvemre.

291 2484 422 2538 Theodora
502 2483 584 2548 Erat
605 2485 676 2568 ipso
698 2490 845 2569 tempore
872 2484 987 2549 Romae
1008 2484 1185 2549 monachus
1207 2483 1353 2550 Adriano
1383 2481 1504 2558 notus,²

290 2551 429 2668 ffippm
457 2585 589 2649 nomine
611 2585 806 2663 Theodorus,
830 2592 929 2651 natus
952 2587 1051 2650 Tarso
1068 2586 1200 2664 Ciliciae,
1229 2586 1335 2650 viret
1358 2585 1502 2651 saeculari

289 2683 445 2752 mhtnhop.
458 2692 492 2751 et
523 2687 637 2751 divina
672 2687 868 2766 litteratura,
901 2693 935 2753 et
966 2688 1079 2754 Graece
1110 2691 1144 2752 et
1175 2681 1293 2752 Latine
1316 2688 1502 2762 instructus,

457 2788 577 2875 probus
613 2789 766 2865 moribus,
799 2795 833 2854 et
870 2795 970 2855 aetate
999 2789 1210 2866 venerandus,
1241 2789 1276 2852 id
1314 2795 1371 2866 cst,
1404 2811 1504 2852 annos

457 2891 580 2958 habens
603 2891 712 2959 aetatis
733 2891 907 2979 sexaginta
940 2914 1005 2957 sex.
1053 2889 1152 2956 Hunc
1179 2889 1316 2957 offerens
1339 2891 1504 2957 Adrianus

457 3016 557 3084 papae,
588 3001 628 3061 ut
661 2996 829 3082 episcopus
867 2995 1073 3059 ordinaretur
1103 2994 1264 3078 optinuit:
1305 2992 1355 3058 his
1393 2998 1504 3060 tamen

458 3098 700 3164 condicionibus
749 3097 959 3183 interpositis,
1009 3101 1049 3160 ut
1097 3095 1166 3181 ipse
1216 3095 1381 3160 Adrianus
1429 3117 1503 3161 eum

457 3200 647 3286 perduceret
677 3196 891 3278 Britanniam,
923 3220 961 3263 eo
991 3197 1079 3283 quod
1112 3198 1179 3261 iam
1209 3198 1259 3262 bis
1289 3204 1398 3285 partes
1429 3196 1505 3262 Gul-

456 3302 576 3366 liarum
607 3300 744 3366 diversis
777 3321 820 3365 ex
853 3300 956 3364 causis
986 3298 1114 3376 adisset,
1153 3304 1188 3364 et
1213 3298 1254 3363 ob
1290 3298 1324 3363 id
1350 3298 1504 3363 maiorem

457 3401 554 3467 huius
591 3402 719 3467 itineris
755 3400 930 3489 peragendi
967 3398 1121 3465 notitiam
1158 3400 1301 3477 haberet,
1332 3399 1506 3465 sufficiens-

457 3524 521 3589 que
543 3509 628 3569 csset
648 3505 685 3567 in
705 3505 903 3589 possessione
925 3502 1095 3568 hominum
1116 3504 1341 3588 propriorum:
1366 3508 1400 3567 et
1417 3508 1456 3568 ut
1476 3502 1507 3565 ei

457 3606 614 3671 doctrinae
643 3610 831 3693 cooperator
859 3605 1010 3683 existens,
1043 3604 1216 3692 diiigenter
1252 3604 1436 3670 attenderet
1464 3626 1506 3669 ne

459 3708 538 3794 quid
567 3707 622 3772 ille
652 3708 851 3773 contrarium
876 3704 1012 3773 veritati
1035 3706 1121 3789 fidei,
1140 3706 1326 3773 Graecorum
1356 3728 1452 3783 more,
1469 3706 1506 3771 in

291 3821 383 3874 Come
458 3810 590 3875 ecclesia
612 3808 664 3874 oui
688 3815 847 3895 praeesset,
863 3808 1094 3874 introduceret.
1141 3808 1207 3889 Qui
1231 3809 1399 3874 ordinatus
1421 3814 1505 3873 esta

288 3892 424 4011 ffi„
459 3913 626 3978 vimmo
647 3935 732 4000 papa
755 3911 941 3998 supradicto
961 3932 1047 3975 anno
1071 3911 1252 3978 nommaae
1275 3909 1508 3976 numatam

289 4024 358 4074 AD.
371 3995 432 4103 soei
457 4014 691 4082 sexcentesimo
710 4013 912 4101 sexagesimo
934 4018 1059 4092 octavo,
1075 4010 1136 4078 sub
1159 4012 1213 4077 die
1235 4012 1373 4101 septimo
1394 4012 1507 4077 kalen-

290 4090 428 4155 &mma
458 4117 574 4183 domm
612 4114 785 4203 Aprilium,
824 4114 1007 4181 Dominioa.
1081 4112 1126 4179 Et
1162 4114 1212 4179 ita
1248 4135 1322 4179 oum
1359 4114 1507 4179 Adriano

286 4171 405 4289 iffi-
457 4226 551 4284 sexu
572 4218 729 4284 suenus
748 4218 844 4283 runs
870 4216 1076 4281 sesamam
1100 4216 1217 4281 mutus
1239 4221 1296 4281 es.
1343 4215 1508 4296 Quicum

459 4319 582 4406 pariter
622 4318 737 4385 Arelas
780 4318 1014 4406 pervenissent,
1046 4324 1081 4384 et
1116 4317 1330 4384 tradidissent
1359 4316 1508 4383 Johanui

457 4420 694 4507 archiepiscopo
740 4420 885 4486 civitatis
938 4420 1027 4486 illius
1075 4422 1196 4508 scripta
1237 4418 1509 4486 commendaticia

475 4770 558 4836 ¹¹ad]
574 4768 723 4830 mans.
970 4769 975 4837 ι
1039 4766 1300 4835 commutans.
1380 4750 1382 4755 '
1468 4752 1472 4762 '
