3542 5800
471 954 519 1001 na
549 953 663 1001 oreris
692 954 812 1003 aneon
841 953 1025 1003 anon-u.
1051 938 1078 1003 6.
1252 938 1295 1003 69

216 1178 222 1184 -
247 1158 359 1204 eorum
377 1143 412 1205 et
436 1136 652 1205 conscientia'
696 1139 734 1205 Si
761 1162 838 1227 ergo
860 1140 891 1205 ei
914 1138 1005 1207 cibus
1028 1138 1207 1205 inmundus
1230 1160 1297 1205 non

245 1246 303 1317 est,
327 1240 421 1306 cuiue
443 1264 536 1307 mens
557 1242 717 1308 inmunda
738 1264 807 1308 non
828 1242 949 1309 fuerit:
982 1264 1041 1309 our
1063 1242 1151 1329 qued
1172 1240 1296 1307 munda

244 1349 354 1409 mente
383 1344 503 1410 mulier
532 1367 575 1410 ex
604 1349 726 1411 natura
754 1346 891 1433 patitur,
928 1346 959 1410 ei
991 1345 1027 1411 in
1057 1344 1294 1411 inmunditiam

245 1451 439 1532 reputeturl

292 1549 388 1614 “Vir
420 1554 532 1615 autem
565 1572 640 1617 cum
677 1552 810 1639 propria
846 1552 983 1639 coniuge
1021 1550 1193 1631 donnieue,
1233 1550 1296 1615 niei

245 1652 333 1716 lotus
362 1674 457 1739 aqua,
484 1653 608 1719 intrare
638 1654 802 1719 eeclesiam
836 1676 904 1720 non
938 1656 1058 1735 debet;
1096 1655 1153 1721 aed
1191 1674 1297 1739 neque

245 1753 333 1819 lotus
362 1753 487 1821 intrare
516 1756 630 1822 statim
661 1756 767 1823 debet.
813 1756 882 1821 Lex
910 1764 1021 1823 autem
1047 1756 1168 1845 populo
1189 1756 1297 1821 veleri

245 1856 419 1944 praeoepit‚¹
444 1864 485 1923 ut
507 1859 635 1925 mixtus
654 1860 709 1925 vir
725 1859 856 1925 mulieri
875 1863 911 1925 et
933 1860 1037 1925 lavari
1060 1881 1147 1946 aqua
1169 1857 1296 1935 debeat,

245 1965 280 2025 et
309 1967 389 2026 ante
426 1960 504 2027 solie
541 1982 689 2028 occasum
719 1962 888 2027 ecclesiam
925 1984 993 2027 non
1031 1962 1173 2027 intrare:
1210 1959 1297 2047 quod

247 2066 358 2128 tamen
390 2062 531 2151 intelligi
562 2064 779 2151 spiritualiter
805 2070 922 2151 potest
969 2062 1056 2145 Quia
1086 2063 1216 2129 mulieri
1245 2062 1298 2127 vir

247 2163 409 2241 miscetur,
449 2166 582 2253 quando
618 2165 744 2232 illicitae
780 2166 1052 2253 concupiscentiae
1096 2164 1225 2231 animus
1262 2164 1297 2229 in

246 2267 444 2353 cogitatione
473 2288 532 2355 per
564 2268 816 2335 delectationem
846 2269 1081 2357 coniungitur3
1119 2268 1198 2355 quia
1235 2266 1298 2333 nisi

247 2370 339 2456 prius
364 2370 452 2456 ignis
474 2371 743 2457 concupiscentiae
769 2394 791 2437 a
813 2377 925 2438 mente
957 2372 1133 2450 deferveat,
1161 2368 1299 2459 dignum

247 2496 282 2539 ee
311 2473 562 2560 congregatione
591 2473 734 2539 fratrum
763 2474 929 2540 metimure
959 2496 1026 2541 non
1053 2474 1160 2553 debet,
1184 2472 1243 2560 qui
1265 2496 1299 2540 ee

246 2577 378 2663 gravari
400 2599 459 2663 per
472 2576 655 2662 nequitiam
670 2598 782 2664 pravae
797 2576 978 2643 voluntatis
993 2576 1092 2643 videt
1140 2576 1299 2657 Quamvis

248 2678 372 2744 dehac
395 2700 430 2743 re
453 2678 593 2745 diversae
619 2677 790 2745 hominum
813 2679 963 2745 nationes
989 2678 1118 2745 divema
1143 2677 1299 2757 sentiant,

247 2786 351 2865 atque
388 2781 455 2846 alia
493 2780 657 2847 custodire
694 2781 873 2847 videantur
885 2804 895 2863 ;
935 2780 1157 2849 Romanorum
1188 2786 1301 2847 tumen

247 2906 376 2971 semper
405 2884 448 2950 ab
480 2883 723 2970 antiquioribus
756 2906 836 2950 noue
861 2883 934 2962 fuit,
960 2890 1036 2972 post
1061 2882 1300 2950 admixtionem

249 2988 389 3075 propriae
414 2987 561 3075 coniugis
591 2993 627 3054 et
649 2987 773 3054 lavacri
798 2987 1060 3074 purificationem
1086 3007 1239 3072 quaerere,
1267 2990 1302 3051 et

249 3092 291 3156 ab
305 3091 457 3178 ingressu
472 3089 614 3156 eccleeiae
629 3089 801 3177 paululum
815 3093 1005 3156 reverenter
1019 3089 1191 3156 abstinere.
1230 3087 1264 3153 N
1266 3109 1302 3154 ec

249 3194 310 3260 hoc
340 3195 487 3260 dicentes
515 3193 645 3281 culpam
676 3194 873 3280 deputemus
903 3213 973 3258 cese
995 3191 1184 3278 coniugium
1196 3214 1205 3271 ;
1243 3189 1302 3256 sed

250 3298 328 3383 quia
349 3297 422 3384 ipsa
443 3297 535 3364 licita
556 3295 731 3362 admixtio'
746 3295 894 3382 coniugis
915 3293 985 3360 eine
1007 3293 1177 3382 voluptate
1198 3293 1303 3360 earnis

251 3401 321 3465 fieri
343 3421 413 3465 non
434 3405 553 3487 potest,
576 3422 598 3466 a
619 3399 702 3466 sacri
723 3399 786 3466 loci
808 3399 957 3486 ingressu
977 3398 1209 3464 abstinendum
1232 3403 1302 3476 eet;

253 3503 332 3589 quia
360 3503 515 3590 voluptas
546 3503 618 3589 ipsa
649 3524 718 3568 ease
746 3503 817 3568 aine
848 3501 946 3590 culpa
976 3501 1165 3568 nullatenus
1186 3506 1304 3590 potest.

251 3606 329 3671 Non
355 3606 445 3672 eninr
476 3605 518 3672 de
542 3605 705 3671 adulterio
728 3605 783 3670 vel
812 3604 1037 3686 fornicatione,
1068 3605 1126 3671 sed
1155 3605 1303 3692 legitimo

253 3709 404 3796 coniugio
428 3713 528 3774 natue
553 3708 661 3773 iirerat
678 3707 735 3794 qui
750 3707 880 3773 dicebat
890 3705 914 3772 :³
938 3707 1039 3774 ‘Ecce
1064 3709 1153 3773 enim
1180 3709 1215 3774 iu
1242 3707 1304 3772 ini-

254 3812 438 3898 quitatibus
472 3817 647 3899 conceptue
677 3833 759 3888 sum,
792 3816 828 3876 et
862 3811 899 3876 in
933 3810 1059 3877 delictis
1091 3811 1217 3898 peperit
1251 3831 1304 3875 me

252 3921 360 3982 mater
381 3913 474 3980 mea'
519 3915 585 3994 Qui
612 3913 701 3980 enim
728 3915 764 3979 in
789 3913 1026 4000 iniquitatibus
1052 3919 1243 3999 conceptum
1270 3935 1305 3978 ae

255 4023 401 4095 noverat,
441 4041 462 4082 a
499 4018 618 4084 delicto
649 4039 685 4085 ee
721 4022 838 4082 natum
876 4017 1050 4102 gemebat:
1087 4016 1166 4102 quia
1194 4021 1305 4104 portet

257 4120 352 4186 arbor
373 4121 409 4185 in
432 4143 524 4186 ramo
545 4119 715 4186 humorem
736 4118 822 4197 vitii,
855 4141 953 4205 quem
981 4118 1088 4184 traxit
1118 4139 1160 4182 ex
1189 4117 1305 4184 radice.

259 4223 299 4288 In
320 4223 442 4309 quibua
468 4228 582 4288 tamen
603 4222 714 4287 verbia
740 4243 808 4288 non
834 4221 940 4308 ipsam
966 4219 1203 4287 admixtionem
1230 4243 1306 4288 con-

257 4325 369 4412 iugum
396 4325 606 4413 iniquitatem
626 4325 786 4406 nominat,
807 4325 866 4390 aed
888 4324 992 4412 ipsam
1015 4323 1167 4390 videlicet
1191 4325 1306 4412 volup-

259 4434 361 4495 tatem
376 4427 600 4495 admixtionis.
647 4428 735 4494 Sunt
756 4428 844 4494 enim
867 4427 974 4494 multa
989 4425 1081 4494 licita
1096 4451 1133 4494 ao
1147 4427 1305 4516 legitima,

295 4803 371 4861 ¹127.
382 4826 425 4863 xv·
440 4815 478 4872 1⁶,
492 4813 532 4863 17.
616 4867 619 4871 .
841 4809 928 4864 'Pal
939 4811 964 4862 li.
981 4815 1005 4864 t·

297 4889 441 4958 ’admirtffi
454 4891 581 4954 edraim,
594 4889 650 4942 MS.
