3542 5800
487 870 551 937 338
751 887 815 937 uro.
840 887 887 946 uu
910 888 1041 939 crasso.
1065 888 1153 942 senc.
1177 889 1262 941 mer.

316 1090 452 1149 tuero.
484 1080 652 1149 residuum
681 1106 702 1149 a
730 1088 918 1151 nostrorum
946 1086 1103 1153 memoria
1131 1107 1350 1153 cumanorum
1379 1086 1531 1156 anneus

316 1186 373 1237 MS.
385 1186 420 1247 A,

315 1254 359 1303 fol.
372 1258 385 1304 7
398 1256 436 1315 b.;

316 1320 371 1371 MS.
383 1322 413 1381 Β,

314 1387 356 1439 fol.
370 1390 400 1441 72
413 1404 435 1442 a.

483 1185 589 1253 delere
617 1192 785 1255 conantur.
833 1188 915 1255 Ecce
939 1188 1097 1255 barbarus
1124 1190 1251 1257 advena
1277 1191 1429 1259 districto
1453 1214 1529 1262 ense

482 1290 647 1356 ueteribus
661 1292 754 1377 regni
768 1294 873 1358 nostri
889 1292 1010 1358 colonis
1032 1293 1193 1373 imminet,
1209 1299 1244 1360 et
1265 1296 1432 1381 quondam
1446 1295 1527 1362 felix

481 1394 637 1480 indigena
659 1395 853 1482 suspirando
877 1418 1010 1483 gemm
1033 1402 1129 1465 tacet.
1176 1398 1221 1464 Et
1235 1398 1368 1467 utinam
1389 1399 1424 1464 in
1444 1421 1527 1487 prse-

482 1498 661 1565 sentiarum
685 1499 807 1585 quique
836 1498 979 1565 vivendo
1005 1506 1180 1587 gemerent,
1206 1523 1247 1567 ne
1274 1507 1409 1569 eruenta
1438 1503 1525 1571 cade

482 1603 636 1688 perirent,
675 1602 830 1689 quatinus
866 1604 985 1689 patriae
1022 1604 1173 1671 dulcibus
1210 1606 1298 1671 uvis
1335 1607 1436 1672 etiam
1474 1628 1527 1671 me

484 1706 694 1771 occumbente
717 1706 907 1793 superstites
928 1708 1056 1788 fierent,
1079 1712 1113 1773 et
1135 1709 1179 1774 ad
1198 1708 1347 1795 pristinas
1361 1707 1529 1777 felicitatis

483 1810 621 1897 gloriam
647 1814 886 1898 postmortem
917 1832 1023 1876 meam
1046 1812 1199 1877 redirent.
1246 1810 1296 1877 Ο1
1324 1812 1453 1878 utinam
1478 1833 1529 1877 oc-

482 1914 655 1979 cumbente
688 1936 740 1979 me
771 1914 935 1980 subiectus
971 1913 1055 1979 mihi
1091 1915 1230 2003 populus
1260 1916 1356 1980 vives
1393 1916 1529 1981 evadere

481 2019 662 2104 potuisset!
702 2017 790 2082 Nam
817 2040 877 2105 ego
907 2040 966 2104 pro
993 2039 1103 2084 amore
1132 2017 1225 2104 regni
1255 2018 1444 2105 temporalis
1473 2018 1529 2083 vel

482 2122 571 2187 lucro
589 2121 671 2187 vitae
694 2121 864 2209 praesentis
882 2143 950 2186 non
970 2144 1023 2187 me
1047 2122 1207 2188 subiciam
1230 2125 1373 2207 tyranno
1398 2122 1527 2209 gentili,

482 2248 556 2292 cum
586 2230 773 2312 progente
803 2225 945 2290 moriens
975 2230 1009 2290 et
1039 2226 1147 2312 patria
1176 2224 1269 2291 miles
1298 2225 1420 2313 poesim
1445 2224 1529 2290 effici

482 2328 617 2415 signifer
642 2328 741 2414 Regis
768 2327 916 2394 aeterni.''
974 2328 1037 2394 Oui
1064 2330 1253 2415 episcopus:
1280 2329 1410 2409 “Quos
1439 2328 1529 2407 rex‚’'

482 2432 600 2518 inquit,
623 2430 732 2495 “mihi
751 2430 967 2509 dilectissime,
985 2436 1079 2518 optas
1095 2424 1162 2498 esse
1185 2432 1377 2519 superstites
1399 2433 1526 2518 patriae,

483 2556 556 2599 cum
593 2534 660 2599 iam
697 2532 827 2598 hostilis
864 2534 993 2620 gladius
1030 2535 1090 2601 vix
1119 2535 1263 2621 aliquem
1291 2535 1460 2619 reliquerit
1490 2535 1527 2599 in

482 2638 579 2724 plena
605 2636 710 2703 urbe?
755 2636 932 2703 Hebetatis
959 2638 1125 2703 securibus
1151 2644 1285 2704 tucrum
1315 2637 1527 2704 cadaveribus

480 2748 516 2807 te
539 2742 736 2807 destitutum
758 2740 864 2805 milite
887 2742 1028 2806 veniunt
1057 2742 1135 2808 loris
1163 2742 1393 2829 constringere.
1440 2741 1528 2822 Qua

481 2850 622 2934 propter,
638 2828 697 2910 rex
716 2843 890 2910 dimidium
913 2845 1033 2911 animae
1057 2867 1147 2923 meae,
1171 2845 1237 2912 nisi
1263 2846 1350 2933 fugae
1374 2844 1527 2932 prasidio

482 2954 541 3014 aut
578 2949 754 3014 deditionis
792 2948 938 3013 infausto
975 2949 1158 3035 patrocinio
1195 2949 1427 3038 praecaveritis,
1472 2947 1527 3014 hic

482 3053 596 3118 statim
635 3052 775 3116 aderunt
812 3051 994 3137 proditores
1030 3053 1174 3132 nefandi,
1205 3073 1345 3138 quorum
1383 3051 1525 3116 nefando

483 3155 636 3241 obsequio
662 3175 775 3241 poenas
799 3153 877 3232 lues,
902 3175 939 3219 ac
962 3162 997 3219 te
1023 3176 1097 3220 cum
1122 3154 1186 3220 tibi
1216 3153 1370 3220 subiectis
1400 3153 1527 3219 oufens

483 3259 522 3324 de
553 3258 660 3324 medio
691 3255 927 3322 conabuntur.”
972 3257 1026 3322 Ad
1052 3258 1123 3324 haec
1145 3279 1206 3323 ren
1232 3257 1525 3324 clementissimus:

482 3361 584 3428 “Hoc
611 3358 692 3439 est‚''
718 3359 836 3445 inquit,
855 3360 973 3445 “quod
1000 3360 1157 3439 desidero,
1181 3360 1242 3426 hoc
1264 3360 1415 3425 omnihus
1437 3359 1527 3426 votis

481 3470 651 3550 antepono,
683 3486 725 3528 ne
752 3463 910 3548 supersim
940 3464 1023 3528 meis
1052 3462 1225 3528 carissimis
1253 3462 1413 3541 fidelibus,
1444 3484 1527 3548 quos

480 3589 555 3634 cum
577 3566 689 3631 liberis
711 3570 745 3631 et
767 3566 925 3632 uxoribus
939 3565 976 3630 in
995 3567 1080 3632 lecto
1103 3588 1215 3632 eorum
1238 3566 1363 3631 animas
1385 3565 1525 3632 arando

481 3669 624 3759 perdidit
640 3671 747 3756 pirata
767 3669 980 3748 truculentus.
1027 3669 1072 3734 Et
1090 3669 1236 3756 quidest
1258 3668 1346 3754 quod
1367 3669 1526 3755 suggeris,

481 3779 521 3840 ut
551 3776 587 3839 in
610 3771 765 3838 extremis
791 3771 879 3850 vitae,
912 3771 1076 3837 desolatus
1098 3794 1171 3838 meo
1193 3771 1346 3851 satellite,
1367 3771 1525 3858 fugiendo

480 3879 594 3968 gloriae
624 3883 747 3944 nostrae
777 3878 900 3942 crimen
929 3876 1076 3956 inferam,
1108 3877 1165 3964 qui
1194 3897 1364 3963 nunquam
1394 3876 1524 3942 milities

481 3985 600 4072 probra
614 3983 782 4067 hucusque
805 3980 957 4058 sustinui,
981 4001 1106 4067 semper
1129 3981 1295 4045 delatoriae
1310 3980 1526 4045 accusationis

481 4088 678 4154 calumniam
712 4086 845 4166 exituri,
885 4105 1053 4169 nunquam
1089 4083 1187 4148 extiti
1218 4083 1346 4149 militiae
1376 4082 1526 4171 proditor

482 4196 541 4256 aut
570 4190 713 4278 ignaviae
743 4211 800 4253 seu
829 4187 1015 4252 formidinis
1044 4188 1150 4252 merui
1188 4187 1296 4251 subire
1333 4186 1525 4272 flagitium?

483 4295 528 4358 nt
565 4293 679 4358 iccirco
718 4293 778 4357 hoc
816 4291 852 4354 in
878 4290 987 4355 animo
1025 4289 1209 4354 deliberans
1246 4288 1390 4354 finaliter
1427 4288 1520 4374 elegi,

481 4397 615 4460 honeste
643 4396 752 4481 potius
778 4416 836 4481 pro
863 4392 973 4480 patria
999 4394 1082 4457 mori
1108 4415 1206 4478 quam
1235 4413 1363 4478 pagano
1389 4391 1525 4477 iniquis-

483 4503 561 4564 sime
593 4501 688 4564 subdi
727 4505 786 4564 aut
826 4502 964 4562 mortem
995 4497 1115 4561 timens
1144 4497 1263 4582 ignave
1293 4494 1412 4581 fugere,
1445 4495 1525 4578 quia

477 4707 820 4721 -—————.--—--—-—..-
832 4707 848 4712 .-.
870 4707 875 4712 .
894 4706 902 4710 .
919 4705 986 4710 -.-.-
999 4701 1232 4710 -..-.-.—---.--.-
1248 4697 1517 4707 .,.--.—.·.--.-„-—.
