3542 5800
461 862 503 923 12
713 874 780 923 ruo.
804 874 852 922 nr
874 872 1007 921 crnrnc.
1031 872 1118 922 crac.
1143 873 1230 921 ruer.

375 1253 381 1264 ,
910 1186 988 1253 Car.
1013 1184 1060 1251 ΙΙ.

293 1282 397 1330 u'atm.

292 1362 317 1410 p.
330 1353 385 1397 us.
494 1332 537 1398 ut
565 1330 788 1416 Vortiqccaua
809 1331 883 1398 Rea
904 1331 953 1397 ad
976 1330 1100 1397 bellum
1118 1337 1321 1415 provocatus
1343 1328 1482 1397 canitic

291 1412 405 1529 ffiff·
754 1432 935 1499 Sacarum
956 1431 1060 1497 laeta
1083 1430 1211 1499 vicerit.

290 1550 436 1684 ipdrildd
504 1582 609 1647 ANNO
631 1584 747 1671 8¹²5ae
770 1581 1089 1669 quadringenlfflimO
1114 1582 1385 1667 quinqua-gesimo
1403 1604 1504 1648 emer·

291 1649 446 1752 oiiherioa
457 1690 570 1771 gentes
584 1706 627 1749 ex
649 1706 738 1749 more
762 1684 851 1749 Scoti
876 1706 950 1748 oum
975 1683 1076 1749 Pictis
1100 1704 1143 1749 ex
1168 1683 1316 1769 partibus
1330 1684 1504 1769 Aquilonis

289 1767 433 1885 ‘fficffi
457 1788 636 1851 exercitum
677 1786 775 1849 nimis
819 1786 976 1871 grandem
1013 1784 1225 1861 conieoemnt,
1264 1790 1364 1871 atque
1401 1786 1504 1871 Aqui-

455 1888 577 1953 lonales
602 1888 718 1953 insulsa
746 1892 854 1973 partes
876 1891 1046 1971 coeperunt
1075 1886 1277 1971 depopulare
1324 1886 1421 1966 Quod
1444 1886 1501 1950 ubi

457 1988 652 2076 vortigerno
688 1988 880 2053 nuntiatum
917 1987 1040 2065 frflaset,
1078 1986 1208 2073 collegit
1244 1986 1366 2053 milites
1402 1992 1502 2073 atque

457 2096 548 2155 trans
585 2089 771 2156 Humbram
807 2090 844 2154 in
879 2089 1011 2155 obviam
1049 2088 1199 2174 perrexit
1252 2087 1324 2153 Nec
1360 2088 1501 2154 multum

289 2192 418 2307 {nistre
458 2193 603 2277 oportuit
639 2192 726 2257 cives
760 2212 927 2277 pugnare:
974 2210 1053 2253 nam
1090 2188 1236 2254 Saxones
1272 2190 1331 2276 qui
1365 2190 1502 2256 aderant

290 2262 446 2388 by'ffifk
457 2299 527 2357 tam
552 2291 693 2357 viriliter
714 2292 954 2379 praeliabantur,
974 2297 1015 2356 ut
1040 2292 1149 2356 hostes
1175 2292 1232 2377 qui
1259 2292 1349 2378 prius
1372 2292 1501 2358 vincere

287 2392 411 2509 ffimsff
456 2392 603 2460 solebant
640 2395 709 2457 sinc
744 2414 836 2457 mora
871 2393 908 2457 in
944 2392 1054 2479 fugam
1084 2392 1306 2478 propellerent.
1352 2394 1500 2481 Cumque

316 2472 331 2506 ⁰
392 2474 444 2511 ⁰¹¹²
456 2494 542 2559 Picti
556 2494 631 2581 pilis
653 2498 687 2559 et
708 2492 825 2559 lanceis
847 2492 884 2557 in
905 2493 1017 2579 prelio
1038 2498 1218 2571 uterentur,
1236 2493 1381 2558 Saxones
1395 2494 1500 2582 longis

453 2595 571 2681 gladiis
611 2600 646 2660 et
687 2592 852 2658 securibus
895 2592 1112 2659 decertabant.
1170 2592 1387 2680 vortigernus
1423 2614 1499 2682 ergo

453 2717 511 2781 per
539 2717 593 2761 ecc
622 2695 760 2761 victoria
795 2696 929 2781 potitus,
961 2695 1096 2760 donaria
1124 2716 1183 2758 sua
1211 2694 1289 2781 ipsis
1319 2698 1498 2783 ampliavit,

453 2802 552 2881 atque
597 2796 672 2861 duci
710 2816 822 2860 eorum
862 2795 1027 2882 Hengisto
1066 2795 1157 2860 dedit
1203 2816 1297 2881 agros
1342 2797 1498 2883 plurimos

453 2898 489 2962 in
527 2896 715 2982 Lindeseya,
746 2896 865 2983 quibus
902 2919 970 2962 sese
1007 2918 1145 2982 suosque
1181 2903 1378 2964 sustentaret
1415 2921 1500 2964 com-

288 3025 327 3075 cs,
343 3025 424 3077 aaa,
452 2999 624 3064 militonea
691 2996 742 3064 At
787 2995 977 3084 Hengistus,
1023 3019 1097 3062 cum
1142 3003 1225 3063 essct
1265 2999 1319 3062 vir
1361 3005 1499 3079 astutus,

285 3091 400 3209 aronam.
453 3106 617 3187 comperta
651 3099 738 3186 regis
783 3099 937 3178 amicitia,
976 3099 1083 3184 ipsum
1120 3100 1157 3162 in
1194 3099 1280 3164 hunc
1317 3123 1497 3167 sermonem

364 3195 371 3208 ⁰
452 3215 577 3279 adivit:
613 3221 632 3248 “
647 3212 788 3278 Domine
824 3213 879 3290 mi,
914 3211 1059 3298 undique
1082 3211 1269 3296 inquietant
1306 3219 1340 3279 te
1374 3215 1498 3280 inimici

452 3315 505 3379 tui
540 3320 640 3399 atque
669 3316 838 3379 minantur
874 3313 946 3390 tibi,
980 3314 1158 3398 dicuntque
1187 3335 1256 3380 sese
1286 3316 1498 3382 conducturos

452 3437 495 3480 ex
534 3415 747 3479 Armoricano
790 3408 901 3478 tractu
939 3413 1107 3479 Aurelium
1152 3413 1413 3494 Ambrosianum,
1458 3423 1499 3482 ut

451 3524 486 3582 te
515 3516 662 3602 deposito
696 3515 805 3601 ipsum
843 3516 878 3579 in
912 3537 1021 3601 regem
1054 3520 1279 3601 promoveant.
1325 3517 1361 3582 Si
1391 3519 1498 3604 placet

452 3641 536 3704 ergo,
574 3618 744 3682 mittamus
780 3618 817 3681 in
859 3617 1002 3704 patriam
1044 3622 1196 3694 nostram,
1236 3624 1275 3683 ut
1312 3619 1492 3685 invitemus

452 3742 495 3785 ex
531 3742 571 3784 ea
605 3718 735 3795 militea
774 3723 814 3783 ut
850 3739 1004 3783 numerus
1041 3723 1151 3783 noster
1187 3719 1373 3804 augeatur.''
1427 3721 1498 3786 Rex

196 3831 201 3839 '
284 3835 393 3900 nmgist
452 3822 555 3908 igitur
583 3821 652 3886 eius
688 3819 821 3886 consilio
857 3825 958 3904 atque
994 3819 1146 3905 petitioni
1176 3820 1393 3904 adquiescens3
1417 3843 1497 3908 prae-

284 3916 430 4019 ssfflgffl·
452 3923 538 4008 cepit
583 3920 747 4008 Hengicto
794 3921 831 3984 in
877 3920 1085 3985 Germaniam
1123 3919 1263 3997 mittere,
1301 3926 1341 3985 ut
1378 3921 1497 3987 milites

283 4033 405 4085 oursrom
451 4046 493 4088 ex
516 4046 556 4089 ea
577 4023 712 4088 invitati
738 4021 893 4087 festinum
919 4020 1093 4085 timiditati
1116 4040 1184 4085 suae
1207 4020 1389 4088 conferrent
1415 4045 1496 4087 aux-

285 4098 421 4168 Gmi·
449 4125 550 4188 ilium.
611 4123 681 4188 Nec
717 4144 828 4188 mora:
873 4121 974 4185 missa
1008 4122 1045 4184 in
1082 4120 1290 4186 Germaniam
1327 4122 1497 4209 legatione,

448 4225 560 4288 nuntii
581 4229 782 4290 revertentes
808 4223 918 4288 decern
944 4228 978 4288 et
1002 4228 1074 4287 octo
1098 4243 1198 4287 naves
1213 4223 1323 4288 electis
1337 4223 1497 4289 militibus

449 4330 598 4390 oneratas
627 4324 843 4390 adduxenmt.
892 4323 1114 4388 Adduxcrunt
1143 4322 1244 4388 ctiam
1273 4323 1375 4388 filiam
1406 4323 1498 4390 Hen-

448 4427 535 4512 gissi,
562 4425 693 4490 nomine
723 4424 879 4502 Ronwen,
912 4425 1002 4489 ouius
1032 4423 1251 4510 pulcritudine
1281 4423 1495 4512 Vortigemus

449 4527 582 4605 illectus,
607 4526 786 4614 postulavit
816 4547 887 4590 eam
917 4547 938 4590 a
967 4530 1059 4610 patre
1089 4545 1156 4588 suo.
1202 4523 1385 4612 Hengistua
1406 4547 1494 4605 vero,

449 4633 613 4713 comperta
631 4627 733 4692 animi
755 4627 840 4714 regia
865 4626 1009 4704 levitate,
1040 4625 1195 4690 concessit
1218 4625 1249 4690 ei
1272 4625 1375 4691 filiam
1395 4649 1495 4692 suram

450 4727 597 4797 Intravit
624 4728 736 4817 itaque
765 4728 927 4797 Satbanas
956 4727 992 4793 in
1020 4747 1076 4793 cor
1104 4727 1197 4813 regis,
1221 4727 1279 4814 qui
1308 4749 1383 4797 cum
1412 4733 1496 4795 esset
