3542 5800
474 867 538 938 174
741 883 804 931 ruo.
828 879 1028 930 unornane.
1052 880 1139 928 eruo.
1164 879 1250 928 mor.

471 1066 515 1130 ad
537 1066 703 1132 ecclesiam
727 1064 1013 1152 metropolitanam
1040 1069 1257 1151 portarentur,
1285 1067 1320 1128 et
1341 1061 1390 1128 ibi
1414 1061 1518 1148 sepul·

471 1175 556 1234 turae
593 1189 683 1234 more
720 1169 811 1254 regio
847 1168 1063 1232 traderentur.
1115 1165 1161 1231 Et
1196 1167 1295 1230 simul
1333 1167 1375 1230 ad
1412 1164 1517 1230 loeum

471 1270 649 1349 venientes,
688 1270 751 1336 sub
780 1271 867 1357 regie
897 1269 1051 1335 cathedra
1081 1273 1209 1333 sanotae
1238 1268 1393 1353 reliquias
1430 1267 1519 1332 inde-

471 1377 582 1436 center
610 1373 734 1458 poeitae
763 1370 972 1462 repererunt¹
1014 1371 1221 1436 Gerebantur
1247 1376 1358 1436 autem
1385 1369 1454 1436 hoeo
1483 1367 1518 1433 in

471 1473 551 1538 villa
584 1475 675 1560 regia
712 1495 788 1559 quae
827 1473 974 1539 Eaetreie
1012 1473 1188 1538 dieebetur.
1235 1473 1409 1538 Oollooatis
1443 1493 1518 1557 ergo

471 1581 656 1641 sanctorum
682 1576 837 1661 reliquiis,
862 1581 902 1640 ut
927 1574 1068 1650 decebat,
1096 1575 1138 1639 ad
1162 1575 1358 1660 portandum
1384 1575 1419 1638 in
1441 1573 1519 1638 fere-

472 1678 541 1754 trio,
566 1678 663 1743 iussit
685 1677 944 1764 amlriepleoopus
970 1681 1008 1742 ut
1034 1676 1077 1740 ad
1103 1675 1269 1741 eeclesiam
1295 1674 1418 1740 Christi
1435 1675 1519 1741 Onn-

471 1781 588 1846 tueriae
625 1785 842 1866 portarentur.
890 1779 955 1844 Sed
1002 1778 1038 1842 in
1074 1799 1218 1842 vanum:
1258 1779 1336 1862 quia
1373 1778 1414 1842 de
1450 1777 1519 1841 loeo

473 1883 597 1947 moveri
622 1904 689 1946 non
713 1886 875 1968 poterunt,
904 1880 980 1945 lieet
1006 1880 1112 1944 multo
1144 1879 1316 1944 eonamine
1344 1881 1520 1965 attempte-

473 1991 555 2050 rent
601 1983 735 2048 Mutato
764 1985 878 2069 itaque
908 1982 1041 2047 oonsilio
1071 1988 1110 2047 ut
1147 1982 1191 2046 ad
1219 1981 1310 2046 beati
1339 1981 1519 2068 Augmtini

473 2087 671 2152 veherentur
699 2085 889 2164 baailioam3
927 2085 983 2148 sed
1013 2084 1097 2148 nihil
1126 2085 1277 2149 similiter
1306 2085 1519 2171 profecerunt

473 2189 620 2254 Tandem
650 2189 818 2275 provisum
848 2191 900 2251 eet
929 2191 969 2250 ut
990 2190 1200 2272 portarentur
1230 2187 1272 2250 ad
1311 2185 1519 2252 Waerineme

471 2290 705 2356 monasterium
732 2289 990 2354 famosissimum.
1031 2288 1096 2367 Qui
1120 2291 1249 2352 mutato
1275 2287 1441 2375 proposito
1465 2309 1520 2352 ve·

471 2391 636 2458 hioulum²
659 2393 740 2457 adeo
763 2393 829 2457 levi
859 2392 1029 2457 oonamine
1060 2390 1287 2468 sublevabant,
1319 2414 1357 2456 ao
1379 2391 1406 2456 ei
1437 2389 1520 2455 nihil

302 2497 404 2549 solemn
419 2498 459 2547 in·
472 2495 579 2558 oneris
605 2493 804 2559 habuissent.
851 2494 926 2575 Quo
950 2513 1025 2558 oum
1045 2493 1280 2578 pervenissent,
1309 2494 1457 2578 exequiis
1478 2493 1520 2558 ab

301 2566 457 2696 fflssss}
471 2595 708 2683 ambiepieoopo
746 2597 810 2661 rite
850 2597 998 2683 perantia,
1029 2599 1217 2660 sanctorum
1255 2617 1390 2682 corpora
1426 2597 1522 2660 iuxta

470 2699 575 2763 maius
612 2700 716 2764 altore
764 2699 904 2764 tradunt
942 2697 1126 2783 sepulturae.
1185 2697 1259 2777 Quo
1297 2698 1334 2762 in
1370 2698 1440 2763 loeo
1477 2697 1520 2762 ed

470 2800 601 2865 laudem
631 2800 695 2865 Dei
734 2805 769 2865 et
809 2801 972 2865 dictorum
1013 2799 1150 2886 gloriam
1189 2805 1376 2865 sanctorum
1415 2799 1520 2864 multa

470 2904 701 2969 miraculorum
725 2904 867 2990 insignia
891 2908 1045 2989 operatur
1068 2902 1194 2967 Divina
1209 2902 1388 2968 elementia
1436 2903 1522 2968 Gon-

470 3006 549 3093 tigit
589 3028 628 3072 eo
669 3012 815 3093 tempore
856 3004 1139 3091 Eurmenburgam
1179 3026 1323 3070 sororem
1352 3004 1450 3091 regie,
1480 3010 1520 3069 ut

301 3124 407 3176 Ermen·
471 3109 605 3174 dimisso
635 3109 755 3174 marito
777 3130 837 3173 auo
862 3106 982 3172 Pendee
1010 3106 1095 3193 regia
1123 3106 1320 3171 Marciorum
1346 3105 1423 3183 filio,
1451 3108 1521 3171 eiua

301 3191 443 3321 fflffilg‘
470 3218 583 3276 tomen
618 3229 783 3288 eonoeneu,
815 3215 938 3274 metam
964 3208 1098 3295 eligeret
1132 3209 1248 3273 ducere
1278 3209 1390 3273 vitain.
1438 3210 1520 3289 Quae

301 3332 347 3383 ter,
360 3326 441 3375 leaves
471 3335 545 3377 oum
572 3313 698 3377 familia
723 3333 784 3377 oua
806 3312 848 3377 ad
871 3312 1006 3377 fratrem
1033 3312 1185 3387 venisset
1223 3317 1258 3375 et
1284 3332 1380 3375 ouum
1406 3332 1521 3397 propo·

301 3390 428 3506 ξξζέξζᾱ
469 3416 569 3480 eitum
601 3416 632 3479 ei
661 3415 843 3489 indicasset,
876 3414 967 3477 dedit
997 3412 1027 3477 ei
1065 3412 1172 3478 locum
1202 3413 1348 3500 prmfatae
1385 3414 1519 3479 visionis

303 3522 374 3600 ntes
386 3524 428 3573 the
469 3517 678 3591 declaratum,
703 3517 762 3581 nbi
788 3516 986 3581 monasterio
1013 3516 1048 3579 in
1073 3515 1195 3581 honore
1220 3518 1404 3601 martyrum
1419 3516 1520 3581 fabri·

301 3589 360 3638 ⁷⁰¹¹·
469 3623 551 3693 cato,
575 3618 694 3682 dilecta
718 3616 787 3683 Deo
812 3616 1068 3704 Earmonburge,
1093 3618 1303 3705 septuaginta
1317 3619 1379 3683 sibi
1395 3620 1520 3683 monia·

469 3720 714 3797 libamentis,
739 3720 810 3785 Deo
826 3718 964 3806 dignum
986 3720 1082 3785 bonoe
1097 3721 1353 3785 oonvereationia
1376 3720 1517 3787 fluctum

469 3822 615 3901 offerent,
641 3824 773 3889 tandem
801 3824 838 3887 in
861 3820 1006 3888 Domino
1029 3822 1162 3907 quievit

469 4030 778 4039 ———-—--—...

498 4160 506 4198 ¹
519 4161 670 4233 reportarat]
683 4170 831 4231 repererant,
842 4162 899 4215 MS.
975 4161 981 4234 Ι
1054 4157 1218 4232 ὐεῆἰωὶιηι]
1237 4164 1385 4227 reticulam,
1397 4163 1453 4220 MS.
