3542 5800
478 858 543 927 366
736 872 801 927 BIO·
825 871 873 925 DE
894 870 1029 925 (mlle.
1051 870 1141 925 ΒΡΙΟ.
1164 870 1250 925 ΗΜ.

478 1062 706 1145 obedientiam,
742 1064 783 1129 ut
811 1082 847 1128 ee
874 1060 1028 1128 menibus
1055 1061 1206 1149 ulnisque
1229 1058 1390 1149 martyris
1423 1062 1523 1148 esput

477 1166 710 1253 oompleotente
733 1187 820 1233 unus
843 1164 975 1233 illorum
1000 1164 1144 1253 arripiet
1172 1164 1311 1253 plantes,
1354 1164 1519 1253 quatinus,

476 1270 555 1339 dum
601 1270 644 1335 ud
687 1290 722 1335 se
765 1268 905 1357 quisque
945 1268 1077 1348 nititur,
1115 1268 1165 1335 nil
1200 1268 1341 1335 ulterius
1377 1268 1519 1355 ambigui

476 1372 599 1440 veritus
629 1373 820 1439 examinato
840 1372 878 1437 in
901 1370 1079 1439 cuiuslibet
1100 1376 1232 1459 pertore
1255 1369 1398 1437 residem
1418 1371 1520 1458 petie·

476 1481 539 1543 tur.
607 1476 663 1542 Ad
703 1474 766 1542 hoo
803 1480 1028 1563 expereseunt
1062 1474 1208 1561 singuli3
1259 1474 1373 1539 nullm
1408 1473 1521 1541 illicito

476 1579 657 1667 praesumit,
704 1600 773 1645 non
817 1576 1007 1643 rebellionis
1057 1577 1191 1665 quidem
1236 1577 1415 1665 protervius
1467 1577 1522 1643 sed

478 1683 606 1749 timoris
631 1681 788 1749 nimirum
818 1680 1013 1747 reverentie
1080 1680 1227 1747 Tandem
1252 1680 1356 1746 sbbus
1385 1682 1522 1769 singulis

477 1784 718 1873 eimumspeotis
740 1804 844 1851 unum
874 1805 996 1864 eorum,
1020 1785 1154 1849 nomine
1175 1782 1399 1862 (lurstsnum¹,
1427 1806 1523 1870 quem

477 1912 499 1955 e
527 1910 628 1977 puero
647 1889 739 1955 intre
758 1908 864 1954 sueres
889 1887 1083 1953 monosterii
1107 1886 1296 1975 disdplinss
1315 1887 1522 1966 eduesreret,

478 1993 593 2061 taliter
618 1991 761 2071 effetum
807 1997 826 2029 “
842 1990 894 2055 Tu
929 2012 999 2077 prae
1027 1989 1174 2070 esteris?
1211 1989 1376 2076 inquiens,
1407 1989 1523 2057 “mihi

479 2094 675 2183 peduliumm
713 2094 812 2161 debes
841 2092 1088 2175 obedientium
1131 2092 1197 2159 tibi
1225 2092 1281 2158 vel
1309 2094 1355 2159 ed
1380 2114 1524 2159 momen-

478 2204 550 2265 tum
592 2198 673 2265 meis
703 2197 804 2263 reniti
834 2195 999 2261 mendatis
1027 2196 1168 2263 fsoultrs
1196 2195 1289 2261 nullu
1325 2197 1524 2284 suppeditet

479 2301 604 2369 Amede
641 2322 719 2386 ergo
756 2298 806 2365 nil
840 2298 1019 2380 dubituns3
1051 2300 1200 2365 animum
1229 2298 1442 2365 vacillantem
1472 2300 1524 2366 fir·

478 2405 580 2471 miore
608 2403 715 2489 grudu
742 2400 938 2471 consolidff
990 2402 1076 2467 Tum
1104 2402 1162 2468 illo
1190 2402 1281 2469 beuti
1309 2402 1411 2489 pedes
1440 2424 1524 2469 msr·

478 2506 562 2593 tyris
592 2506 760 2571 Edmundi
798 2506 918 2573 annisu
954 2526 1019 2591 quo
1051 2505 1185 2571 volebat
1214 2506 1428 2592 astringente,
1467 2528 1525 2573 m-

476 2609 606 2696 peiotus
636 2609 739 2675 ubbus
768 2608 910 2675 alterum
946 2608 1077 2687 cervici,
1116 2609 1256 2673 alterurn
1295 2614 1410 2675 mento
1450 2630 1526 2696 sup-

477 2732 602 2799 ponens
643 2734 789 2792 menum,
829 2717 927 2778 tento
961 2711 1069 2777 traxit
1097 2711 1234 2799 impetu,
1276 2718 1317 2778 ut
1345 2734 1365 2778 e
1394 2712 1524 2779 diverso

478 2814 698 2885 reluctantem
739 2821 815 2904 post
848 2815 1104 2882 secretissimum
1133 2836 1250 2904 eorpus
1286 2816 1463 2883 inclinaret
1490 2821 1525 2883 et

483 2919 688 2987 monuohum.
734 2919 813 2986 Post
842 2919 913 2986 haeo
941 2920 1126 3006 percutiens
1151 2941 1207 2986 eor
1231 2941 1327 2987 suum
1354 2920 1526 2986 exhorruit

484 3045 610 3104 nusum,
636 3023 814 3089 extremuit
839 3022 973 3088 foetum.
1018 3021 1097 3088 Non
1120 3024 1216 3088 ‚enirn
1238 3023 1283 3088 sd
1312 3023 1526 3090 distrahendo

483 3127 538 3196 vel
567 3127 780 3193 diverieundo
801 3125 981 3192 revelando
1006 3126 1101 3192 testis
1124 3123 1249 3192 Christi
1276 3126 1434 3208 membre„
1471 3125 1527 3192 sed

484 3229 528 3298 ud
564 3231 710 3299 curando
744 3228 920 3296 honorifice
950 3235 1049 3315 etque
1077 3229 1260 3295 condiendo
1297 3229 1407 3296 fireret
1443 3231 1529 3296 invi-

484 3337 581 3402 tetuu
650 3332 730 3400 Ideo
760 3334 875 3400 stetim
914 3333 1054 3420 punitur
1091 3333 1304 3419 presumptio
1344 3333 1528 3400 debilium

483 3441 563 3502 note
603 3441 798 3524 torquente:
853 3436 1063 3523 stupentibus
1100 3435 1224 3502 etenim
1261 3435 1373 3502 nervis
1411 3457 1527 3503 munus

483 3543 621 3625 utraque
663 3540 879 3618 contrahitur,
918 3539 1003 3604 ecies
1040 3537 1146 3604 livosa
1190 3539 1375 3618 obducitur,
1413 3540 1528 3626 lingue

484 3643 649 3730 torpesoit,
695 3664 818 3728 suoque
863 3641 1000 3708 dooetur
1035 3641 1184 3728 exemplo
1227 3647 1391 3727 quantum
1429 3641 1528 3708 tuerit

486 3744 653 3812 dubitusee
691 3745 790 3812 nefus
859 3743 1015 3811 Ceterum
1049 3743 1135 3810 siout
1175 3743 1310 3810 Thomae
1350 3744 1530 3810 infideliter

485 3848 646 3935 hodieque
684 3846 763 3914 fidei
803 3846 972 3914 oetholieae
1008 3845 1189 3913 summetur
1227 3847 1377 3926 eoelesiae,
1419 3849 1468 3914 sie
1495 3853 1529 3913 et

485 3952 584 4020 huius
609 3951 807 4038 ambiguitue
844 3952 1025 4016 multorum
1053 3951 1204 4017 retundit
1243 3951 1417 4038 perfidiam
1446 3953 1530 4019 bles-

486 4055 634 4142 phemius.
703 4053 795 4119 Dum
824 4054 915 4120 enim
944 4053 1101 4120 audenter
1122 4054 1241 4120 intulit
1267 4055 1338 4141 ipse
1367 4055 1433 4120 sibi
1461 4079 1530 4143 per-

484 4159 613 4238 niciem,
653 4162 834 4222 ceterorum
879 4157 921 4221 de
965 4157 1116 4222 sordibus
1154 4157 1295 4223 abstulit
1340 4158 1529 4225 damnosum

484 4261 563 4326 fidei
608 4261 791 4347 segnitiem.
875 4259 1017 4324 Diutino
1061 4260 1165 4346 igliur
1208 4260 1286 4325 telis
1331 4261 1527 4328 incommodi

485 4362 615 4449 flagello
654 4367 824 4443 correctus,
864 4363 979 4428 eodem
1019 4363 1078 4448 qui
1123 4368 1328 4449 pereueserst
1363 4365 1529 4430 mediante

483 4465 632 4552 linguam
661 4466 784 4552 reoepit
814 4469 848 4532 et
877 4466 995 4546 oculos,
1025 4487 1183 4531 munuum
1209 4467 1366 4534 ariditate
1395 4469 1440 4535 ed
1467 4475 1529 4535 ue

483 4567 662 4634 timonium
692 4568 958 4656 praesumptionis
987 4573 1206 4656 permanente.

1389 4730 1528 4742 -.—

814 4807 821 4837 ¹
837 4806 1001 4874 curararum]
1014 4808 1175 4873 Turstunum,
1185 4810 1215 4860 B.
