3542 5800
496 854 561 919 ool
752 864 821 917 ruo
844 864 893 915 nr
913 864 1046 917 osma
1069 866 1160 919 seua
1182 868 1271 919 mor.

496 1051 644 1119 eeclesias
688 1050 840 1119 civitates
884 1056 920 1117 eb
963 1050 1060 1118 villas
1096 1054 1354 1136 combusserant,
1391 1054 1538 1119 homines

496 1156 716 1241 cuiuscunque
745 1176 845 1221 sexus
868 1160 904 1221 eb
931 1154 1044 1221 aelatis
1071 1176 1147 1223 oum
1175 1157 1288 1245 spoliis
1317 1162 1353 1223 eb
1382 1157 1539 1223 iumentis

496 1256 645 1323 funditus
694 1256 895 1323 delevenma
962 1256 1092 1324 Deinde
1140 1279 1270 1325 sarsum
1313 1280 1373 1347 per
1415 1259 1539 1323 flumen

496 1358 642 1425 Humbri
667 1360 873 1447 navigantes,
896 1358 1059 1425 consimili
1087 1360 1214 1427 ibidem
1238 1360 1330 1427 rabie
1351 1360 1559 1429 saeviebant.

497 1461 645 1549 Indeque
676 1462 838 1549 progressi
872 1466 991 1527 ouuoba
1021 1462 1173 1529 ooenobia
1204 1464 1242 1529 in
1269 1463 1446 1550 paludibus
1475 1463 1540 1527 sila

496 1564 728 1629 monaohorum
750 1586 788 1629 ao
808 1563 977 1650 virginum
998 1562 1181 1631 interfectis
1206 1564 1451 1632 habitatoribus
1472 1565 1542 1631 dee·

495 1672 682 1733 traxerunt
734 1664 865 1732 Horum
895 1670 1008 1732 autem
1040 1666 1177 1731 nomina
1209 1667 1434 1733 ooenobiorum
1463 1672 1541 1733 sunl

496 1768 589 1835 haee:
613 1766 803 1845 crulandia,
826 1766 1009 1854 Thorneya
1033 1766 1224 1855 Rameseya,
1248 1769 1434 1835 Hamsbede
1453 1769 1541 1855 quod

495 1892 582 1936 nuno
598 1870 745 1957 Burgum
761 1868 875 1936 Sancti
896 1869 986 1937 Peiri
1008 1869 1140 1949 dieitur,
1162 1892 1237 1935 oum
1259 1870 1375 1937 Insula
1390 1870 1541 1936 Heliensi

495 1978 530 2039 el
552 1973 700 2039 ooenobio
714 1972 792 2037 olim
815 1970 1028 2039 famosissimo
1050 1972 1256 2053 feminarum,
1271 1973 1308 2038 in
1328 1994 1395 2061 quo
1415 1972 1541 2037 dudum

496 2084 611 2145 sancta
638 2079 734 2165 virgo
764 2080 798 2145 el
827 2077 942 2165 regina
966 2076 1168 2145 Etheldreda
1195 2078 1371 2147 abbatissa
1400 2079 1541 2146 officium

496 2181 610 2247 mullis
632 2181 728 2247 annis
749 2180 962 2247 laudabiliter
982 2181 1183 2269 adimplevib

329 2443 417 2592 ¹³⁰3,
435 2556 467 2593 a
531 2490 783 2558 Ooarmomro.
834 2490 877 2558 Ut
899 2490 1084 2557 Doaomon
1105 2489 1270 2557 mroilao
1290 2488 1510 2576 Eotoaqla'oan

422 2579 430 2605 '
697 2590 853 2661 danem
881 2592 1150 2661 Weotsueoaiom
1170 2592 1346 2661 maara

330 2674 436 2725 Wetim.

330 2740 486 2883 &3132OE
543 2790 785 2873 Surnammus
807 2814 1009 2881 paganorum
1030 2792 1193 2859 exereitus
1216 2791 1316 2858 dietis
1336 2793 1543 2858 monasteriis

330 2897 422 2950 invade
497 2896 672 2963 destruolis
695 2894 877 2963 Orientales
900 2895 1027 2983 Anglos
1048 2895 1200 2963 deserens
1221 2904 1257 2962 et
1276 2917 1414 2984 regnum
1436 2894 1545 2964 Wesl

332 2965 445 3020 Wesex.
496 3021 655 3066 saxonum
676 2997 798 3080 adiens,
813 2997 908 3064 venit
924 2997 968 3063 ad
990 2997 1104 3063 villam
1117 2997 1242 3085 regiam
1264 3019 1339 3084 quae
1354 2997 1541 3085 Radingum

496 3103 619 3168 dicitur
640 3101 684 3167 ad
706 3099 876 3166 meridiem
897 3099 1090 3166 Thamensis
1110 3099 1256 3165 fluminis
1277 3100 1384 3178 sibam,
1399 3101 1437 3165 in
1458 3121 1543 3188 pago

496 3204 650 3270 videlieet
672 3203 868 3270 Berrooensi.
914 3202 997 3269 Posi
1012 3224 1150 3290 quorum
1171 3201 1353 3268 adventum
1369 3203 1424 3268 die
1443 3203 1545 3269 lertio

331 3327 415 3379 Bane
426 3327 457 3379 or
497 3307 564 3373 duo
585 3306 721 3372 comites
743 3327 855 3372 eorum
875 3326 950 3370 eum
964 3304 1179 3370 mullitudine
1199 3303 1329 3392 eopiosa
1342 3311 1544 3371 armatorum

332 3395 475 3460 Anglereln
497 3409 650 3476 exierunt
672 3407 716 3474 ad
739 3406 964 3496 praedandum,
985 3407 1059 3472 aliis
1082 3405 1216 3472 inierim
1244 3405 1370 3472 vallum
1395 3407 1544 3474 fadenti-

498 3511 560 3578 bus
574 3510 664 3577 inber
685 3511 750 3576 duo
772 3509 919 3590 flumina,
933 3508 1133 3574 Thamisiam
1147 3509 1270 3574 soilioel
1283 3516 1319 3575 et
1333 3509 1510 3591 Kenem,
1524 3533 1546 3574 a

498 3617 591 3702 purle
613 3613 731 3680 dextre
752 3612 898 3678 eiusdem
919 3611 1019 3684 villae.
1065 3611 1192 3692 Quibus
1207 3610 1417 3698 AElihelphus
1438 3635 1545 3678 oomes

499 3717 705 3782 Berrooensie
738 3735 812 3781 oum
845 3715 915 3780 suis
947 3713 984 3778 in
1015 3713 1087 3780 looo
1117 3713 1176 3801 qui
1209 3712 1392 3801 Angleseld,
1426 3714 1463 3780 id
1495 3720 1546 3781 esi

497 3845 632 3912 campus
661 3822 854 3910 Auginum,
881 3819 1011 3901 dioilur,
1041 3819 1199 3888 obviavit.
1254 3819 1325 3886 Ubi
1354 3821 1474 3887 aeriter
1503 3843 1546 3887 ex

498 3934 640 4014 utraque
665 3931 759 4014 pario
783 3929 1026 4015 pugnaverunt,
1049 3923 1153 3990 donec
1175 3946 1282 3990 eomes
1307 3945 1394 3990 unus
1422 3947 1546 4013 pagan-

499 4051 593 4096 orum
619 4049 693 4094 oum
719 4026 835 4092 maiori
864 4031 959 4112 parte
983 4025 1035 4091 sui
1060 4026 1222 4092 exereitus
1254 4025 1382 4093 deletus
1410 4028 1547 4114 reliquis

499 4153 629 4198 oausam
658 4129 802 4217 praebuib
831 4127 986 4215 fugiendi.
1031 4127 1150 4214 Sisque
1180 4128 1377 4195 Christianis
1406 4130 1548 4196 violaria

498 4238 623 4326 potitis,
647 4242 722 4323 post
743 4234 814 4301 dies
836 4239 996 4320 quattuor
1010 4233 1205 4300 Ethelredor
1220 4255 1280 4300 rex
1302 4240 1337 4301 el
1358 4235 1464 4302 frater
1476 4237 1546 4302 eius

333 4350 459 4430 Baalaof
500 4340 655 4408 Alfredus
681 4340 751 4405 sive
772 4337 940 4404 Aluredus
966 4339 1112 4404 exercitu
1137 4344 1333 4426 congregabo
1356 4340 1400 4405 ad
1423 4341 1546 4406 Radiu-

332 4417 454 4482 Reudrng.
501 4465 579 4532 gum
596 4447 768 4521 venerunt,
787 4440 942 4508 ooedendo
961 4445 997 4506 et
1018 4441 1254 4528 prosternendo
1273 4463 1483 4528 quoscunque
1504 4466 1547 4508 ex

499 4547 635 4637 paganis
659 4551 756 4612 extra
781 4567 890 4612 arcem
916 4545 1123 4612 invenerunt.
1179 4545 1328 4612 Tandem
1356 4548 1478 4634 pagani
1503 4570 1546 4614 ex

499 4651 651 4720 omnibus
677 4649 782 4736 poriis
802 4653 1010 4737 erumpentes
1029 4650 1111 4716 totis
1134 4649 1262 4715 viribus
1282 4651 1438 4738 proelium
1461 4673 1547 4718 oom-

498 4755 680 4820 miseruni:
703 4752 762 4818 ubi
783 4752 840 4818 diu
862 4757 898 4818 et
914 4752 1035 4819 acriter
1055 4751 1246 4839 proelianies
1271 4752 1423 4818 oomilem
1442 4753 1548 4820 Aeth-
