3542 5800
154 1873 157 1876 ἦ
265 1792 431 1857 minarum
446 1793 598 1880 gentium
613 1814 720 1860 mores
741 1795 930 1881 apostolicae
952 1793 1083 1860 notitiae
1105 1793 1319 1862 subtraheret.

499 881 546 931 nn
568 879 685 932 anans
707 879 830 934 anam
850 881 1034 934 suan-11.
1052 871 1103 936 58.
1251 871 1316 938 235

313 1069 406 1134 Misit
443 1068 544 1134 etiam
581 1069 670 1134 idern
711 1069 901 1136 Bonifaoius
924 1069 1111 1138 Cuthberto
1145 1071 1319 1160 archiepis·
1332 1089 1404 1142 wia.
1507 1103 1512 1116 ·

269 1195 348 1260 copo
384 1172 532 1238 eiusdem
565 1173 691 1238 tenoris
712 1173 894 1260 epistolam,
918 1174 980 1242 hoc
1009 1175 1162 1256 adiciens,
1195 1181 1234 1243 ut
1257 1177 1318 1242 cle·
1331 1157 1469 1284 ilignae.

266 1277 349 1342 ricoa
371 1281 406 1341 et
436 1275 701 1342 sanctimoniales
724 1277 765 1342 de
787 1277 954 1344 tenuitate
976 1281 1010 1344 et
1032 1300 1153 1366 pompa
1175 1281 1319 1346 vestium
1352 1297 1422 1342 ,ιιιΙ

267 1385 427 1466 argueret.
472 1381 638 1447 Praeterea
668 1401 711 1446 ne
742 1380 919 1448 miraretur
942 1381 1028 1468 quod
1053 1381 1198 1450 alienum
1220 1407 1319 1472 nego·
1333 1358 1454 1478 „iffi

266 1483 352 1548 tium
394 1487 514 1571 egeret,
554 1503 629 1549 enm
666 1505 727 1548 sua
756 1483 844 1550 nihil
876 1483 1053 1551 interesset
1086 1485 1249 1572 quomodo
1287 1493 1321 1553 et
1334 1493 1456 1548 Οιιιιιιη

268 1586 387 1672 quibus
424 1585 571 1652 moribus
599 1585 785 1674 Anglorum
822 1609 905 1674 gens
943 1587 1081 1665 viveret,
1106 1591 1203 1654 sciret
1234 1611 1268 1656 se
1300 1563 1484 1680 affilijff

267 1689 425 1776 Gregorio
447 1710 535 1776 papa
556 1689 657 1756 tertio
678 1697 885 1758 sacramento
915 1691 1088 1756 astrictum
1121 1713 1164 1756 ne
1194 1697 1320 1758 conter-
1333 1695 1365 1810 ἓξ
1367 1697 1481 1832 (111131ιὲξῶ

1333 1840 1471 1910 Autherity

267 1895 475 1982 Quapropter
495 1895 627 1962 blandis
657 1897 952 1962 ammonitionibus
974 1917 1041 1962 non
1063 1897 1319 1976 antecedentibus,
1332 1909 1408 1972 given
1420 1919 1446 1961 to

265 2005 416 2063 acturum
439 2021 481 2076 se,
505 2021 547 2064 ne
569 1998 757 2066 huiusmodi
780 2002 867 2066 vitia
890 2021 1008 2088 papam
1032 2002 1181 2067 laterent.
1332 1975 1455 2112 ἓξὲξ

309 2101 397 2166 Sane
429 2102 469 2167 de
507 2101 694 2168 tenuitate¹
735 2104 882 2169 vestium
921 2104 1117 2170 clericalium
1148 2103 1319 2170 Alcwinus
1332 2107 1380 2160 111.

265 2203 486 2270 Athelardum
539 2206 815 2293 archiepiscopum
870 2229 1085 2274 successorem
1140 2207 1318 2274 Cuthberti
1331 2193 1454 2314 affin

264 2308 396 2394 oblique
419 2309 573 2396 castigat,
621 2329 758 2375 monens
798 2314 838 2376 ut
885 2331 960 2376 cum
1004 2311 1142 2376 Romam
1192 2311 1317 2376 vadens
1330 2326 1472 2396 thesimple

267 2410 422 2478 Oarolum
460 2411 622 2500 Magnum
659 2413 904 2500 imperatorem,
941 2421 1094 2502 nepotem
1128 2411 1240 2480 Caroli
1278 2395 1470 2516 dcffi'ffik

265 2537 330 2602 quo
376 2516 526 2603 superius
566 2515 756 2584 Bonifaoius
794 2517 924 2582 locutus
961 2524 1020 2598 est,
1058 2518 1218 2598 visitaret,
1249 2539 1317 2583 non
1331 2528 1417 2596 clergy

265 2619 443 2684 adduceret
465 2619 597 2686 clericos
620 2621 673 2686 vel
696 2621 871 2686 monachos
895 2621 1144 2686 versicoloribus
1168 2625 1203 2686 et
1224 2642 1316 2708 pour·
1330 2595 1465 2725 ffiffihogr

264 2723 381 2809 laticis
407 2724 555 2788 vestibus
584 2723 727 2800 indutos,
744 2725 833 2809 quod
856 2745 924 2789 non
948 2725 1091 2790 solerent
1115 2723 1314 2790 Francorum
1330 2729 1409 2780 osthe

265 2825 374 2892 clerici
398 2826 464 2890 nisi
485 2825 648 2915 religiosis
674 2827 824 2892 vestibus
845 2827 979 2893 amiciri.

1329 2795 1443 2864 English.

308 2930 381 2997 Nec
402 2930 518 2995 inanes
542 2953 612 2997 esee
635 2936 816 3018 potuerunt
845 2930 936 2997 tanti
963 2930 1028 2995 viri
1054 2930 1209 3017 epistolae,
1235 2950 1316 3015 quas
1330 2942 1401 2995 will.

264 3033 319 3099 ille
356 3034 532 3121 legationis
569 3032 661 3113 aare,²
698 3036 988 3122 compatriotamm
1034 3034 1153 3098 amoris
1190 3033 1314 3097 intuitu
1330 3010 1462 3135 5¹⁴¹}ssme

262 3137 410 3223 vigiletis
444 3138 592 3204 sensibus
624 3139 806 3204 emittebat.
865 3136 1017 3223 Namque
1047 3141 1082 3201 et
1113 3135 1315 3203 Cuthbertus
1328 3150 1418 3208 nus,

263 3240 521 3331 archiepiscopus
537 3248 571 3308 et
593 3264 653 3306 rex
676 3241 895 3308 Ethelbaldus
910 3238 1108 3306 concilium³
1131 3245 1314 3327 coegerunt,
1329 3232 1436 3347 poupqil

266 3346 472 3411 emendaturi
510 3344 676 3433 superflua
712 3366 787 3431 quae
837 3344 893 3408 ille
940 3344 1144 3429 increpasset.
1213 3342 1316 3409 Ouiae
1329 3313 1466 3418 diuidi}

266 3448 384 3533 synodi
422 3450 585 3515 actionem
616 3455 785 3537 praetereo,
807 3446 887 3534 quia
923 3468 1038 3534 regum
1075 3468 1126 3511 res
1148 3445 1185 3511 in
1215 3468 1316 3512 manu
1330 3448 1454 3487 manners.

261 3551 427 3619 habemus
474 3552 548 3632 Qua
571 3553 611 3617 de
641 3551 866 3638 rescriptum,
894 3550 980 3637 regis
1005 3549 1195 3616 Ethelbaldi
1218 3550 1316 3616 devo·

264 3654 365 3721 tionis
402 3654 513 3733 index,
549 3654 637 3742 quod
671 3656 707 3721 in
748 3653 862 3720 eodem
893 3651 1055 3723 concilio³
1091 3653 1215 3721 factum
1255 3658 1314 3734 est,

264 3759 464 3898 fflknemm'
652 3862 659 3876 ‚
780 3858 788 3875 ,
1045 3859 1052 3874 ,
1288 3859 1294 3874 ,
1327 3814 1483 3871 usnemun

342 3861 560 3929 Ethelbaldus
598 3861 661 3927 Dea
702 3866 813 3948 gratae
855 3880 914 3925 rex
953 3860 1150 3925 Mercmrum
1188 3864 1313 3925 eunctm
1326 3884 1433 3936 emmer.

266 3963 469 4031 Christicolis
504 3972 575 4031 tam
611 3963 829 4052 presentibus
866 3984 966 4049 quam
1005 3962 1126 4027 futuris
1163 3961 1312 4027 salutem.
1326 3950 1472 4069 {gffii‘

262 4068 465 4154 Plerumque,
486 4067 652 4147 carissimi,
677 4068 869 4154 contingere
892 4066 973 4131 solet
996 4086 1055 4153 pro
1077 4065 1203 4129 ineerta
1229 4068 1312 4129 tem-
1326 4084 1474 4147 plomrnvi

261 4194 377 4260 porum
414 4171 648 4247 vicissitudine,
688 4176 727 4236 ut
758 4193 797 4235 ea
834 4192 909 4256 quae
946 4168 1127 4234 multarum
1165 4166 1312 4232 fidelium
1327 4150 1420 4283 pappa.
1433 4153 1449 4203 i.

259 4296 470 4363 personarum
507 4274 697 4340 testimonio
744 4273 942 4358 consilioque
988 4270 1142 4336 roborata
1179 4270 1311 4351 luerint,
1327 4284 1399 4335 will.

260 4402 318 4467 per
340 4379 581 4444 contumaciam
603 4378 822 4465 plurimorum
845 4381 880 4442 et
903 4375 1165 4441 machinamenta
1180 4374 1313 4441 simula·
1327 4352 1458 4479 {lgffl‘⁸b·

1327 4500 1350 4550 p.
1367 4492 1421 4549 116,
1430 4503 1480 4555 seq.

391 4596 414 4601 -
430 4594 548 4601 -0-—-—--
575 4594 705 4601 --.-.-—-—.-
723 4594 1056 4602 -.-.---———------—
1082 4592 1175 4599 ---.--
1209 4594 1213 4597 -
1229 4594 1284 4601 ...-

294 4727 300 4757 ¹
319 4724 447 4791 tenuitate]
466 4731 492 4775 te
502 4724 607 4785 imitate,
618 4723 675 4776 MS.
845 4722 1005 4787 ‘concilium
1028 4722 1142 4791 concilio]
1172 4724 1313 4785 eonsilium,

291 4808 302 4837 ¹
318 4804 382 4871 suoe]
402 4818 453 4855 aaa
464 4812 497 4865 et,
508 4804 578 4856 wia.
591 4803 678 4855 Malas.
811 4804 924 4865 coasilio,
936 4804 992 4856 MS.
