3542 5800
454 898 519 961 316
719 911 784 961 nro.
807 912 854 961 nr
876 910 1007 963 manno.
1029 910 1119 961 senc.
1141 909 1228 964 msr.

451 1100 584 1178 exerrssi,
608 1104 648 1165 ut
670 1122 768 1187 supra
790 1100 938 1188 indignae
962 1101 1118 1189 martyris
1141 1100 1253 1167 sorori.
1312 1098 1398 1164 Tum
1420 1121 1499 1165 vero

450 1224 521 1268 sera
541 1203 736 1289 paenitentia
756 1224 830 1269 eum
852 1204 947 1270 luctu
968 1210 1003 1271 et
1024 1204 1155 1270 ululatu
1174 1204 1331 1269 inclamat
1349 1208 1499 1269 muctam

452 1306 656 1384 Kenelmum,
673 1307 806 1394 eiusque
828 1329 903 1373 cum
925 1305 1017 1373 omni
1037 1307 1223 1374 reverentie
1242 1306 1355 1373 feriari
1368 1306 1499 1393 rogavit

450 1409 537 1475 diem
578 1408 742 1476 festivum
812 1409 937 1477 Merito
963 1415 1075 1477 autem
1106 1410 1253 1478 omnium
1283 1410 1409 1475 dierum
1447 1430 1497 1473 re·

450 1518 596 1599 spectum
617 1514 769 1601 perdidit,
789 1536 862 1601 quae
884 1536 988 1579 unum
1011 1514 1098 1581 diem
1122 1513 1185 1579 Dei
1208 1512 1319 1579 dilecti
1340 1513 1498 1599 despexit.

451 1616 551 1683 Porro
588 1617 689 1683 boves
726 1619 837 1705 ipsius,
876 1618 935 1705 qui
976 1618 1091 1685 eodem
1128 1618 1182 1683 die
1218 1616 1420 1704 iugabsntur
1455 1615 1499 1681 ad

450 1720 608 1799 vehicula,
636 1722 747 1787 omnia
782 1721 854 1787 lora
879 1727 914 1787 et
943 1720 1022 1809 iuga
1051 1720 1257 1787 excutientes
1282 1721 1333 1786 ita
1362 1718 1499 1807 dispersi

449 1829 528 1892 eunt
553 1830 593 1891 ut
617 1824 767 1913 deinceps
790 1824 933 1891 inveniri
959 1846 1026 1890 non
1051 1828 1193 1913 possent

850 2128 1103 2197 commemo.

509 2318 787 2385 Centumalum
827 2340 958 2406 quoque
989 2323 1041 2386 est
1070 2317 1107 2383 in
1145 2316 1310 2384 Herforda
1334 2316 1498 2403 quomodo

451 2419 543 2487 labro
581 2424 618 2487 in
654 2422 800 2489 eiusdem
843 2422 1013 2488 sollemnio
1056 2427 1210 2509 proterve
1254 2421 1402 2507 operanti
1446 2420 1497 2485 in-

450 2523 581 2591 haeserit
602 2524 739 2592 malleus
769 2526 895 2592 dextrae
920 2530 955 2591 et
980 2523 1106 2611 forceps
1131 2522 1275 2590 sinistrae
1295 2522 1421 2611 palmae,
1442 2523 1498 2589 vel

448 2628 569 2694 molam
595 2629 720 2695 rotanti
741 2627 892 2694 ministro
913 2628 958 2693 ad
979 2628 1159 2694 acuendam
1190 2626 1304 2693 falcem
1334 2626 1385 2693 ite
1406 2627 1498 2713 ligno

448 2730 571 2797 incluso
607 2754 724 2798 manus
753 2731 916 2809 coaluerit,
955 2736 995 2797 ut
1031 2732 1115 2797 solvi
1151 2731 1263 2796 cuneis
1300 2736 1335 2797 et
1370 2730 1498 2795 melleis

448 2834 691 2924 impellentibus
735 2834 907 2922 nequierit,
963 2834 1131 2923 magisque
1175 2838 1343 2900 teneretur
1395 2855 1493 2921 quam

447 2943 583 3006 teneret.
630 2940 727 3005 Votis
746 2961 825 3006 vero
847 2938 943 3004 fectis
964 2937 1160 3025 requirendo
1181 2943 1295 3004 sancto
1313 2937 1498 3004 retinacula

447 3043 579 3129 quidem
616 3043 754 3122 cessisse,
786 3043 843 3108 sed
880 3041 1005 3108 clausos
1042 3063 1168 3129 pugnos
1196 3041 1302 3107 artius
1331 3041 1497 3128 impressis

446 3147 580 3234 ungulis
609 3147 737 3235 palmae,
762 3145 864 3212 donec
887 3146 933 3212 ad
957 3151 1107 3211 sanctum
1128 3143 1292 3210 medicum
1314 3147 1495 3225 veniretur,

446 3251 643 3336 perdurasse.
712 3249 917 3337 Conspexere
953 3247 1030 3315 inde
1067 3253 1243 3337 praesentes
1279 3247 1399 3315 lintres
1434 3249 1498 3313 im-

445 3354 550 3440 pactis
577 3352 689 3441 digitis
714 3373 849 3418 manum
875 3356 1086 3429 contractam,
1111 3353 1243 3439 iamque
1276 3351 1497 3418 luminaribus

446 3455 565 3522 oblatis
589 3461 702 3522 saneto
729 3455 891 3522 Kenelmo
912 3455 1040 3543 integre
1064 3461 1257 3542 reparatam

589 3758 840 3826 Ooarrsurrm.
885 3757 975 3826 Item
989 3756 1033 3824 to
1047 3755 1164 3845 ipsae
1178 3755 1354 3825 maiae.

494 3965 574 4032 CUM
606 3987 647 4031 ex
678 3969 750 4031 tota
779 3963 903 4052 Anglis
925 3963 970 4028 ad
994 3963 1063 4029 eius
1088 3963 1172 4029 festa
1197 3977 1308 4030 annuo
1331 3983 1393 4029 usu
1416 3980 1496 4029 oon·

304 4077 311 4109 ¹
380 4096 386 4110 ·
448 4070 595 4148 fluerent,
623 4089 726 4134 cremas
755 4073 861 4143 natus,
888 4065 1030 4133 Leoflius
1059 4067 1202 4145 nomine,
1231 4067 1355 4132 ibidem
1389 4065 1495 4131 saneti

448 4173 604 4259 martyris
641 4171 799 4259 suffragia
835 4170 1032 4258 postulabat,
1063 4191 1138 4236 eum
1175 4173 1268 4236 eece!
1313 4174 1428 4256 reptare
1457 4169 1494 4234 in

447 4276 563 4343 ecstasi
599 4297 707 4342 coram
747 4275 819 4362 ipso
864 4274 997 4353 corruit,
1036 4277 1172 4360 totoque
1208 4273 1424 4339 volutabatur
1459 4276 1494 4337 et

446 4379 689 4466 impingebatur
728 4377 904 4458 vestibulo,
942 4376 1067 4442 enhelis
1103 4377 1238 4443 vocibus
1284 4375 1492 4456 clamitando,

445 4491 467 4521 ‘⁸
480 4483 598 4548 Sancte
623 4481 793 4562 Kenelme,
818 4501 915 4568 perce
939 4478 1039 4545 mihi!
1070 4481 1151 4566 quid
1175 4479 1299 4546 mesic
1323 4477 1494 4545 eruciast''

447 4585 581 4652 Interea
617 4583 859 4671 contempletur
896 4605 1045 4670 puerum,
1082 4588 1124 4648 ut
1159 4587 1276 4670 postes
1321 4581 1492 4663 referebat,

446 4688 716 4778 speciosissimum
746 4709 784 4753 ec
809 4686 1108 4775 splendidissimum
1145 4685 1209 4753 sibi
1246 4684 1396 4751 assistere
1425 4685 1493 4751 duo

445 4795 552 4863 sidere
587 4790 781 4880 prefulgida
821 4811 925 4856 manu
960 4793 1145 4877 gestantem
1181 4797 1217 4856 et
1251 4808 1291 4854 es
1323 4787 1492 4854 oculorum
