3542 5800
466 879 529 941 182
732 895 796 946 me.
820 893 867 944 na
889 893 1022 946 eramo.
1046 895 1132 946 senc.
1156 895 1243 944 nrm.

462 1077 546 1142 nihil
566 1080 720 1146 videlieet
745 1082 835 1159 utile,
866 1081 931 1146 nisi
954 1083 997 1147 ad
1027 1081 1217 1146 scandalum
1250 1079 1436 1146 Iudaeorum
1459 1080 1510 1144 vi·

462 1181 607 1246 tandum.
654 1181 744 1249 Hinc
773 1189 823 1249 eat
851 1185 940 1270 quod
974 1185 1079 1248 eidem
1113 1184 1214 1248 Paulo
1245 1183 1390 1248 Jacobus
1420 1182 1469 1246 ait
1483 1179 1507 1245 :¹

464 1283 591 1362 ‘Vides
621 1283 730 1362 frater,
762 1287 861 1373 quot²
891 1287 983 1351 milia
1004 1291 1083 1350 aunt
1105 1286 1139 1349 in
1171 1285 1293 1350 Iudaeis
1323 1286 1380 1370 qui
1410 1283 1510 1348 cmdi-

462 1385 603 1450 deruntl
635 1393 669 1452 et
691 1411 802 1454 omnes
824 1389 859 1453 hi
882 1391 1088 1454 aemulatores
1111 1394 1189 1453 sunt
1211 1387 1309 1473 legia’
1354 1386 1426 1450 Nec
1447 1386 1511 1450 cla-

461 1495 605 1556 rescente
637 1512 696 1576 per
717 1493 878 1556 mundum
903 1492 1071 1577 evaugelio
1094 1511 1221 1556 necesse
1244 1495 1302 1566 est,
1326 1490 1427 1553 immo
1449 1509 1508 1552 nec

460 1592 589 1656 licitum
618 1593 778 1675 fidelibus,
801 1594 855 1658 vel
889 1594 1083 1669 circumcidi,
1111 1593 1164 1658 vel
1198 1592 1323 1658 hostias
1349 1591 1421 1655 Deo
1443 1591 1509 1654 vic-

460 1691 617 1759 timarum
640 1696 756 1760 offerre
770 1696 957 1762 camaliam.
998 1696 1117 1782 Itaque
1138 1695 1161 1760 J
1163 1695 1308 1760 ohannes
1331 1694 1507 1759 seemdum

460 1794 542 1882 lagia
575 1799 842 1864 consuetudinem
868 1803 987 1884 quarta
1021 1798 1145 1864 decima
1175 1797 1228 1863 die
1259 1797 1379 1862 mensis
1412 1795 1509 1883 primi

460 1899 504 1964 ad
532 1921 701 1986 vesperam
734 1901 911 1989 incipiebat
945 1901 1195 1966 celebrationem
1226 1899 1302 1964 festi
1336 1898 1507 1975 Paschalis,

460 2002 509 2066 nil
542 2025 658 2068 curans
689 2009 802 2068 utrum
833 2004 903 2069 haec
935 2003 1080 2080 sabbato,
1105 2025 1148 2068 an
1169 2002 1235 2066 alia
1258 2001 1405 2088 qualibet
1428 2000 1509 2064 faria

460 2106 654 2190 proveniret
700 2105 749 2170 At
785 2127 864 2172 vero
903 2105 1021 2170 Petrus
1055 2127 1129 2169 cum
1160 2103 1275 2170 Romae
1308 2103 1507 2190 praedicaret,

460 2227 585 2271 memor
628 2208 706 2292 quia
751 2207 913 2272 Dominus
957 2207 1064 2293 prima
1101 2205 1231 2270 sabbati
1273 2205 1452 2270 resurrexit
1488 2225 1509 2268 a

460 2309 606 2383 mortuis,
639 2331 677 2373 ae
710 2309 834 2375 mundo
864 2331 954 2396 spem
987 2307 1249 2374 resurrectionis³
1281 2307 1428 2383 contulit,
1459 2306 1508 2370 ita

460 2408 585 2474 Pascha
617 2409 803 2476 faciendum
841 2411 1016 2487 intellexit,
1051 2417 1090 2475 ut
1127 2409 1305 2475 secuudum
1339 2411 1508 2475 eonsuetu-

460 2512 569 2576 dinem
607 2533 645 2577 ae
681 2520 845 2600 praecepta
889 2514 970 2600 legis
1009 2519 1160 2597 quartam
1199 2511 1357 2577 decimam
1394 2511 1506 2576 lunam

461 2613 560 2699 primi
594 2615 722 2690 mensis,
757 2637 850 2701 aeque
872 2614 958 2680 sicut
980 2613 1156 2694 Johannes,
1180 2613 1338 2680 orientem
1363 2613 1406 2678 ad
1438 2633 1509 2677 ves-

460 2736 572 2802 peram
598 2735 725 2802 semper
747 2720 956 2804 expectaret:
990 2721 1024 2781 et
1044 2716 1106 2781 hae
1127 2715 1265 2792 exmta‘
1285 2715 1314 2780 si
1335 2713 1508 2779 Dominica

460 2817 537 2894 dies,
571 2839 646 2905 quae
674 2823 756 2883 tunc
785 2819 893 2906 prima
923 2819 1053 2883 sabbati
1085 2818 1272 2892 vocabatur,
1307 2821 1378 2881 erat
1411 2835 1507 2880 mane

460 2926 608 2997 ventma,
631 2920 667 2985 in
696 2922 769 3007 ipsa
790 2942 926 3008 vespera
958 2920 1082 2985 Pascha
1113 2920 1322 2985 Dominicum
1348 2918 1507 2984 celebrare

458 3024 645 3109 incipiebat,
661 3024 822 3109 quomodo
844 3028 878 3088 et
900 3044 959 3087 nos
981 3044 1093 3088 omnes
1114 3020 1211 3087 hodie
1232 3022 1338 3087 facere
1357 3022 1505 3107 solemus

460 3124 520 3190 Sin
553 3131 663 3191 autem
697 3125 871 3189 Dominica
901 3146 967 3190 non
1002 3125 1152 3212 proximo
1177 3144 1273 3189 mane
1298 3128 1373 3210 post
1394 3122 1506 3187 lunam

459 3233 611 3313 quartam
641 3227 808 3304 decimam,
839 3227 897 3291 sed
928 3232 1023 3291 sexta
1049 3227 1183 3303 decima,
1205 3231 1266 3290 aut
1290 3226 1430 3312 septima
1452 3224 1506 3289 de-

459 3329 551 3405 cima,
590 3332 649 3393 aut
685 3328 751 3393 alia
787 3328 935 3414 qualibet
972 3328 1051 3392 luna
1094 3348 1198 3412 usque
1240 3327 1283 3391 ad
1320 3326 1506 3391 vicesimam

459 3429 609 3515 primam,
633 3436 717 3495 esset
740 3433 890 3505 ventura,
919 3428 1115 3515 expectabat
1137 3450 1216 3507 eam,
1241 3432 1276 3493 et
1305 3428 1507 3514 praecedente

459 3528 614 3595 sabbato⁶
629 3552 761 3617 vespere
776 3538 979 3597 sacrosancta
1001 3530 1134 3597 Paschae
1149 3531 1294 3595 solennia
1313 3529 1507 3608 inchoabat;

459 3632 570 3717 sicque
606 3631 714 3710 fiebat,
754 3639 794 3698 ut
831 3633 1006 3698 Dominiea
1044 3632 1177 3699 Paschae
1214 3632 1282 3697 dies
1319 3632 1449 3697 nonnisi
1486 3654 1507 3696 a

458 3733 722 3821 quintadecima
754 3734 834 3799 luna
863 3758 966 3821 usque
997 3735 1042 3799 ad
1063 3734 1250 3799 vicesimam
1280 3734 1420 3820 primam
1442 3754 1506 3797 aar

457 3842 599 3902 voretur.
645 3836 763 3923 Neque
792 3837 861 3902 haec
892 3838 1080 3923 evangelica
1110 3843 1143 3901 et
1174 3836 1350 3923 apostolica
1370 3834 1506 3901 traditio

457 3939 562 4026 legam
584 3937 691 4015 solvit
715 3939 772 4004 aad
801 3939 913 4025 potius
934 3940 1098 4026 adimplet,
1123 3939 1159 4002 in
1181 3960 1247 4024 qua
1268 3938 1507 4003 observandum

459 4042 584 4107 Pascha
613 4064 634 4106 a
660 4047 780 4127 quarta
810 4042 936 4106 decima
968 4041 1048 4106 luna
1082 4040 1181 4127 primi
1213 4040 1333 4105 mensis
1364 4039 1408 4105 ad
1438 4060 1508 4105 vaa-

458 4164 578 4229 pcram,
609 4166 712 4229 usque
750 4144 793 4209 ad
825 4142 1013 4208 vicesimam
1045 4144 1184 4229 primam
1215 4142 1328 4207 lunam
1362 4142 1506 4207 eiusdem

458 4245 579 4311 mensis
609 4246 652 4309 ad
682 4268 858 4332 vesperam
882 4252 1080 4331 preceptum
1112 4250 1181 4311 est:
1213 4244 1370 4330 inquam
1402 4244 1509 4307 obser-

458 4347 608 4411 vantiam
639 4347 843 4426 imitandam,
866 4369 978 4415 omnes
1000 4348 1090 4413 beati
1116 4346 1278 4413 Johannis
1310 4366 1507 4413 successores

478 4535 615 4542 .-——..
628 4536 877 4543 -.μω-...ρῳ
897 4537 983 4543 -..m-n
1045 4536 1170 4542 ——..-..

492 4657 639 4709 'Actxxi
651 4663 692 4707 20.
1044 4659 1161 4725 Ιατσνιιι]
1174 4658 1287 4717 exhorta,
1298 4656 1354 4709 MS.

491 4736 581 4804 1φοι]
595 4736 738 4803 ᾳιιοᾱ,Μ8.
1043 4737 1177 4805 ⁵cartham]
1196 4739 1307 4798 sabbeta,
1318 4736 1373 4791 MS.

492 4815 958 4888 'emmaanramaexiomama
