3542 5800
476 857 523 907 nn
553 856 667 906 orsrrs
696 855 816 906 ιιιιοιιιι
846 855 1029 906 anon-rr
1055 842 1106 904 15.
1269 835 1313 901 89

267 1061 387 1116 eorum,
420 1041 479 1126 qui
515 1038 559 1105 ad
596 1039 798 1105 exorandum
830 1039 938 1106 Deum
968 1062 1028 1128 pro
1056 1040 1162 1106 milite
1192 1039 1315 1106 bellum

166 1225 169 1231 Ι
267 1140 395 1228 agente¹
415 1144 645 1219 convenerant,
665 1159 811 1207 seorsum
831 1141 866 1206 in
886 1141 1010 1208 tutiore
1029 1140 1099 1208 loco
1118 1138 1317 1217 consistere,2

267 1243 494 1308 sciscitabatur
518 1241 576 1330 qui
603 1247 711 1308 essent
730 1242 774 1320 hi,
803 1242 926 1329 quidve
944 1245 1051 1310 acturi
1069 1244 1127 1310 illo
1148 1243 1316 1310 convenis·

267 1348 346 1410 sent
415 1345 521 1410 Erant
557 1349 668 1410 eutem
705 1345 840 1434 plurimi
877 1367 990 1411 eorum
1033 1345 1074 1412 de
1118 1345 1316 1412 monasterio

268 1446 406 1534 Bnngor‚
433 1447 470 1511 in
496 1467 560 1532 quo
582 1450 696 1512 tentus
720 1445 824 1513 fertur
846 1445 946 1512 fuisse
967 1469 1123 1514 numerus
1145 1447 1318 1516 monacho-

268 1571 349 1626 rum,
376 1551 417 1613 ut
439 1569 514 1613 cum
540 1547 576 1612 in
600 1553 725 1635 septem
747 1549 912 1634 portiones
935 1555 1020 1615 esset
1041 1571 1116 1615 cum
1135 1551 1317 1636 praepositis

268 1649 330 1715 sibi
349 1649 529 1716 rectoribus
549 1649 783 1716 monasterium
804 1650 956 1729 divisum,
972 1651 1063 1716 nulla
1083 1672 1195 1718 eorum
1209 1652 1317 1737 portio

268 1753 376 1817 minus
402 1772 502 1836 quem
525 1754 687 1817 trecentos
711 1751 858 1818 homines
880 1752 1025 1832 baberet,
1052 1753 1110 1837 qui
1136 1774 1247 1818 omnes
1276 1754 1317 1818 de

269 1852 378 1919 laboro
408 1873 566 1918 manuum
596 1874 729 1918 suerum
759 1853 932 1920 vivebant
978 1853 1109 1920 Horum
1139 1876 1217 1941 ergo
1245 1855 1317 1940 plu-

147 2033 149 2037 ·
268 1955 344 2020 rimi
358 1955 401 2022 ad
420 1959 635 2020 memoratam
658 1955 761 2022 aciem
783 1961 916 2042 peracto
937 1955 1060 2022 ieiunio
1073 1956 1229 2023 triduano
1242 1977 1317 2022 cum

268 2057 342 2122 aliis
376 2057 491 2124 orandi
520 2079 618 2124 cause
651 2063 881 2138 convenerant,
920 2056 1079 2124 habentes
1116 2058 1317 2124 defensorem

269 2160 399 2226 nomine
431 2159 661 2239 Broemsilum,
692 2159 750 2246 qui
777 2181 832 2226 eos
856 2161 1004 2226 intentos
1027 2161 1178 2247 precibus
1199 2184 1220 2227 a
1243 2161 1318 2227 bm-

269 2262 423 2328 berorum
444 2260 563 2350 gladiis
585 2267 782 2349 protegeret.
829 2261 978 2342 Quorum
1000 2283 1132 2329 musam
1154 2265 1319 2331 adventus

268 2385 344 2428 oum
364 2364 581 2429 intellexisset
597 2383 657 2430 rex
679 2363 891 2442 Etheliridus,
912 2363 981 2432 ait:
1007 2365 1130 2453 “Ergo
1151 2367 1181 2432 si
1202 2367 1318 2432 adver·

268 2487 342 2531 sum
366 2487 426 2532 nos
448 2465 505 2531 isti
529 2465 573 2530 ad
597 2463 707 2530 Deum
731 2487 828 2532 suum
854 2465 1006 2544 clamant,
1029 2467 1174 2556 profecto
1196 2474 1232 2536 et
1254 2467 1318 2556 ipsi

268 2567 422 2654 quamvis
451 2588 543 2632 orme
578 2588 646 2632 non
683 2567 800 2649 ferant,
830 2574 946 2634 contra
973 2591 1035 2635 nos
1067 2575 1228 2658 pugnant,
1259 2570 1317 2656 qui

269 2669 418 2736 adversis
454 2689 515 2734 nos
554 2667 833 2756 inprecationibus
869 2670 1138 2756 persequuntur.”
1198 2671 1318 2760 Itaque

269 2771 305 2838 in
319 2771 380 2838 hos
402 2771 545 2858 primum
568 2791 661 2836 arms
674 2771 761 2837 verti
781 2771 883 2848 iubet,
907 2775 942 2837 et
963 2772 1011 2838 sio
1032 2777 1155 2840 ceteras
1168 2773 1319 2840 nefandoe

269 2873 399 2942 milities
431 2874 540 2962 copias
575 2893 641 2939 non
671 2873 741 2941 sine
774 2895 894 2963 magno
923 2875 1087 2943 exereitus
1116 2877 1168 2943 sui
1198 2878 1318 2943 damno
1416 2897 1421 2907 ·

269 2977 401 3045 delevit
456 2976 631 3043 Extinctos
654 2974 690 3041 in
716 2998 756 3043 ec
775 2998 888 3064 pugna
913 2976 1033 3053 ferunt,
1059 2978 1100 3044 de
1121 2978 1173 3043 his
1195 2980 1254 3066 qui
1275 2980 1319 3045 ad

270 3080 431 3147 orandum
460 3082 628 3154 venerant
663 3078 752 3144 viros
790 3078 920 3145 circiter
954 3080 1043 3145 mille
1080 3080 1245 3161 ducentos,
1285 3086 1321 3147 et

270 3183 376 3249 solum
406 3180 647 3269 quinquaginta
676 3180 755 3269 fuga
784 3202 854 3247 esse
883 3181 1000 3269 lapsos.
1045 3181 1248 3249 Broomailus
1277 3184 1321 3250 ad

270 3286 414 3373 primum
438 3283 582 3350 hostium
608 3281 789 3349 adventum
809 3304 884 3349 cum
907 3284 976 3350 suis
998 3289 1092 3373 terga
1105 3290 1245 3364 vertens,
1264 3308 1321 3354 eos

272 3408 354 3473 quos
380 3385 552 3453 defendere
576 3384 736 3451 debuerat
761 3386 903 3453 inermes
928 3409 968 3453 sc
992 3388 1098 3455 nudos
1127 3388 1321 3456 ferientibus

272 3490 390 3578 gladiis
426 3488 601 3573 reliquit·
641 3486 761 3575 Sieque
799 3490 998 3576 completum
1035 3496 1087 3557 est
1122 3494 1320 3581 praesagium

272 3592 378 3659 sancti
406 3592 571 3679 pontificis
601 3590 791 3679 Augustini,
830 3592 982 3679 quamvis
1018 3591 1089 3681 ipso
1118 3596 1185 3661 iam
1214 3598 1320 3662 multo

272 3699 350 3761 onte
365 3700 513 3782 tempore
534 3693 578 3759 ad
599 3690 745 3759 ooelestia
766 3714 869 3781 regna
890 3695 1029 3773 sublato,
1054 3702 1093 3762 ut
1114 3698 1214 3764 ctiam
1236 3704 1321 3765 tem·

272 3796 393 3885 poralis
416 3793 588 3862 interitus³
613 3795 738 3862 ultione
762 3796 924 3863 sentirent
946 3797 1076 3884 perfidi,
1096 3799 1185 3885 quod
1209 3800 1322 3867 oblata

272 3898 337 3967 eibi
358 3903 525 3987 perpetues
546 3898 663 3965 solutis
685 3898 821 3965 consilia
840 3904 1045 3986 spreverunt.

309 4351 424 4419 lacau]
446 4348 618 4417 agendoMS.
652 4347 771 4401 SecBed.
855 4348 1017 4415 'mMereJ
1033 4349 1186 4415 consumo,
1199 4354 1255 4407 MS,

274 4432 302 4484 ii.
314 4438 338 4483 2.
855 4429 1002 4497 ’interim
1016 4428 1127 4493 interius,
1139 4432 1196 4485 MS.
