3542 5800
471 861 514 932 78
723 872 788 923 arc.
820 872 867 923 na
897 872 1028 926 erasus
1059 871 1144 925 arao.
1177 872 1260 926 arsr.

471 1083 532 1126 sua
560 1082 629 1127 non
657 1060 751 1127 videt
780 1061 914 1137 destrui,
946 1063 987 1127 de
1016 1058 1111 1127 oordc
1142 1082 1281 1128 errorem
1314 1063 1464 1150 deponat,
1490 1068 1524 1128 ct

473 1164 582 1230 Deum
606 1186 722 1230 verum
748 1186 944 1252 cognoscens
967 1186 1004 1231 ac
1027 1167 1167 1230 adorans
1189 1166 1232 1230 ad
1258 1164 1330 1230 loca
1352 1188 1426 1252 quae
1450 1188 1524 1231 oon·

472 1268 582 1333 suevit
605 1268 800 1334 familiarius
824 1273 1003 1334 concurrat.
1052 1268 1097 1333 Et
1125 1270 1203 1354 quia
1228 1268 1329 1335 boves
1354 1269 1462 1335 solent
1488 1270 1523 1334 in

471 1372 627 1435 sacrificio
662 1372 848 1437 demonum
878 1373 1002 1437 multos
1034 1372 1186 1449 occidere,
1218 1373 1316 1437 debet
1347 1374 1392 1437 eis
1423 1372 1522 1437 etiam

303 1468 394 1585 012&ss
405 1468 435 1518 of
471 1474 643 1539 haedere
667 1474 779 1560 aliqua
804 1475 1005 1540 sollemnitas
1034 1474 1222 1541 immutari:
1258 1481 1298 1540 ut
1321 1477 1373 1540 die
1397 1476 1525 1541 dedica-

304 1552 341 1587 wa
360 1552 393 1586 ω’
471 1578 579 1652 tionis,
606 1577 658 1641 vel
688 1578 835 1642 natalicii
864 1583 1053 1642 sanctorum
1084 1581 1268 1663 martyrum
1294 1600 1435 1663 quorum
1457 1579 1525 1643 illic

470 1680 617 1765 reliquiae
643 1686 818 1767 ponuntm·,
843 1680 1054 1746 tabernacula
1076 1680 1140 1744 sibi
1165 1682 1249 1745 circa
1276 1682 1406 1745 easdem
1429 1682 1526 1745 eccle·

472 1782 535 1847 sias
562 1806 635 1870 quac
662 1806 704 1848 ex
726 1784 811 1847 fanis
835 1788 1045 1848 commutatur
1072 1788 1150 1847 sunt
1180 1784 1220 1848 de
1244 1784 1344 1848 ramis
1370 1785 1524 1849 arborum

471 1885 601 1963 iaciant,
634 1893 668 1951 et
691 1886 852 1973 religiosis
878 1886 1039 1951 conviviis
1062 1886 1316 1953 sollemnitatem
1342 1887 1527 1967 celebrent3

472 2011 532 2053 nec
548 1989 678 2054 diabolo
699 1990 766 2054 iam
786 1989 945 2053 animalia
965 1988 1145 2065 immolent,
1162 1990 1219 2053 sed
1241 1991 1285 2053 ad
1308 1990 1438 2054 laudem
1463 1989 1526 2054 Dei

473 2092 508 2155 in
535 2114 592 2156 esu
617 2113 676 2157 suo
702 2092 858 2156 animalia
882 2092 1040 2169 occidant,
1065 2098 1099 2157 ct
1124 2092 1285 2157 Donatori
1312 2093 1458 2157 omnium
1486 2094 1526 2157 de

472 2195 626 2258 satietate
670 2215 731 2258 sua
768 2193 893 2280 gratias
932 2194 1097 2258 referant:
1137 2200 1177 2258 ut
1214 2194 1293 2259 dum
1332 2194 1377 2258 cis
1416 2194 1527 2281 aliqua

473 2297 618 2361 exterius
644 2297 766 2381 gaudia
796 2302 1016 2373 reservantur,
1045 2295 1088 2360 ad
1119 2296 1277 2362 interiora
1307 2296 1428 2382 gaudia
1452 2319 1528 2362 cou-

473 2400 594 2463 scntire
624 2398 754 2463 facilius
784 2399 925 2464 valeant.
982 2398 1071 2463 Nam
1102 2399 1193 2463 duris
1230 2400 1396 2464 mentibus
1429 2400 1528 2465 simul

474 2502 584 2567 omnia
608 2501 772 2566 abscidere
799 2502 998 2589 impossibile
1023 2524 1090 2565 esse
1116 2524 1184 2566 non
1208 2502 1345 2567 dubium
1369 2508 1425 2581 est,
1451 2502 1529 2587 quia

474 2612 508 2669 et
534 2603 578 2668 is¹
605 2605 662 2689 qui
687 2626 852 2669 summum
881 2604 989 2670 locum
1016 2605 1189 2669 ascendere
1215 2606 1344 2681 nititur,
1372 2605 1529 2691 gradibus

474 2707 526 2771 vcl
554 2706 709 2792 assibus,
735 2730 802 2772 non
827 2712 938 2773 autem
961 2706 1108 2785 saltibus,
1133 2706 1288 2771 elevatur.
1335 2706 1390 2771 Sic
1417 2708 1452 2771 in
1480 2708 1529 2771 Is-

474 2810 621 2874 raclitico
645 2809 766 2896 populo
790 2811 826 2873 in
853 2809 1000 2897 AEgypto
1027 2810 1191 2875 Dominus
1221 2832 1255 2873 se
1280 2810 1412 2894 quidem
1435 2810 1530 2875 inno·

475 2916 565 2992 tuit;
599 2915 656 2978 sed
686 2921 798 2978 tamen
828 2915 873 2978 eis
900 2913 1132 2978 sacrificiorum
1163 2934 1241 2978 usus
1271 2935 1367 2999 quem
1398 2913 1530 2979 diabolo

475 3019 625 3082 solebant
651 3017 814 3093 exhibere,
846 3017 882 3082 in
914 3017 1005 3082 cultu
1036 3016 1167 3102 proprio
1197 3017 1388 3096 reservavit,
1415 3023 1454 3082 ut
1484 3019 1531 3081 eis

476 3123 512 3187 in
542 3145 601 3188 suo
631 3121 789 3187 sacrificio
820 3119 975 3184 animalia
1005 3119 1176 3183 immolare
1206 3119 1419 3205 praeciperem
1451 3141 1531 3206 qua-

475 3226 567 3290 tinus
591 3247 646 3289 cor
669 3229 836 3289 mutantes
859 3223 950 3287 aliud
975 3223 1014 3286 de
1038 3223 1193 3288 sacrificio
1218 3222 1417 3298 amitterent,
1440 3221 1530 3288 aliud

475 3328 677 3390 retinerent:
712 3331 752 3389 ut
784 3326 846 3389 etsi
880 3327 952 3411 ipsa
987 3331 1095 3389 cssent
1129 3323 1286 3388 animalia
1309 3347 1383 3410 quac
1416 3325 1530 3390 offerre

476 3434 721 3504 consueverant,
744 3451 822 3492 vcro
846 3434 959 3494 tamen
988 3427 1059 3492 Deo
1086 3427 1156 3492 haec
1187 3431 1221 3491 ct
1252 3449 1318 3492 non
1343 3426 1440 3492 idolis
1471 3429 1530 3492 im-

476 3531 646 3606 molantes,
679 3531 745 3593 iam
773 3531 934 3596 sacrificia
957 3531 1028 3617 ipsa
1051 3553 1117 3595 non
1141 3535 1258 3594 essent.
1305 3529 1406 3596 Haec²
1429 3531 1534 3617 igitur

477 3633 685 3700 dilectionem
715 3638 809 3697 tuam
847 3635 1005 3720 praedicto
1036 3632 1132 3697 fratri
1170 3655 1296 3698 neccsse
1335 3639 1386 3698 est
1416 3633 1529 3708 dicere,

477 3743 517 3802 ut
546 3737 616 3823 ipse
645 3737 682 3801 in
712 3738 866 3824 praesenti
901 3737 969 3801 illic
1006 3737 1132 3822 positus
1169 3737 1357 3822 perpendat,
1390 3737 1532 3821 qualiter

478 3841 588 3905 omnia
603 3839 722 3905 debeat
739 3840 934 3928 dispensare.
983 3839 1073 3904 Deus
1093 3843 1126 3904 te
1149 3839 1344 3904 incolumem
1360 3839 1531 3918 custodiat,

478 3945 687 4010 dilectissime
710 3943 766 4007 fili.

524 4058 541 4082 “
554 4049 645 4112 Data
663 4047 716 4112 die
735 4046 853 4133 quinta
868 4045 994 4110 decima
1009 4043 1224 4109 kalendarum
1240 4044 1264 4110 J
1265 4045 1415 4125 uliarum,
1434 4047 1533 4132 impe-

477 4157 572 4214 rante
595 4150 726 4214 demino
749 4154 861 4214 nostro
886 4147 1045 4212 Mamicio
1064 4145 1195 4211 Tiberio
1219 4147 1365 4234 piissimo
1381 4147 1533 4234 Augusto

478 4275 564 4320 anno
597 4273 685 4316 nono
718 4252 851 4329 decimo,
877 4255 952 4336 post
984 4247 1207 4315 consulatum³
1231 4249 1374 4316 eiusdem
1407 4249 1532 4317 domini

478 4375 563 4417 anuo
587 4358 702 4420 octavo
727 4353 859 4430 decimo,
884 4353 1064 4418 indictione
1087 4349 1232 4438 quarta.''

509 4733 517 4762 ¹
536 4731 569 4795 ie]
589 4731 636 4790 his,
649 4730 705 4780 MS.
1065 4731 1075 4759 ⁸
1094 4737 1151 4794 post
1178 4728 1338 4794 scarsolarum]
1368 4727 1535 4792 pontificatus,

511 4815 521 4843 ²
536 4811 612 4878 Herc]
627 4809 708 4868 Hanc,
721 4810 775 4861 MS.
1033 4809 1088 4859 MS.
