3542 5800
449 865 495 915 nn
515 865 631 918 omns
652 865 773 920 nauca
794 865 980 917 suos-11.
1006 851 1055 916 40.
1227 847 1292 920 167

237 1049 344 1138 lapide
381 1052 512 1116 revulso
557 1052 716 1140 pretiosus
761 1051 916 1138 reliquias
962 1051 1107 1138 gaudens
1155 1049 1291 1116 invenit.

239 1152 386 1217 Levatnr
423 1154 525 1239 igitur
561 1177 583 1218 a
619 1153 756 1240 piaesule
793 1175 909 1240 corpus
946 1153 1220 1232 saei-atissimum3
1258 1157 1292 1218 ct

239 1255 384 1320 eiusdem
423 1253 570 1341 presulis
607 1256 759 1320 manibus
796 1255 901 1320 lotum
932 1261 967 1321 et
996 1255 1131 1321 sindone
1169 1255 1292 1320 munda

237 1357 426 1424 involutum
454 1359 491 1423 in
519 1358 590 1424 laco
620 1359 826 1424 eminentiori
856 1357 996 1424 ecclesius
1026 1357 1199 1424 honorifice
1229 1357 1292 1422 col-

238 1459 372 1525 locatur.
420 1459 543 1525 Lotum
564 1481 694 1546 quoque
718 1461 912 1526 sanctissimi
937 1461 1086 1546 corporis,
1112 1461 1148 1524 in
1172 1459 1292 1546 angulo

238 1563 373 1628 oratorii
410 1563 558 1650 episcopo
602 1561 737 1634 iubente
774 1563 885 1638 effusn
925 1563 1037 1628 multis
1076 1567 1189 1650 postea
1225 1583 1289 1626 non

240 1664 346 1730 solum
377 1663 572 1740 hominibus,
604 1666 661 1730 sed
687 1672 722 1730 et
751 1665 949 1732 animalibus
979 1665 1102 1750 profuit
1132 1663 1173 1728 ad
1205 1663 1292 1728 sain-
1305 1669 1424 1722 Minoa·

241 1771 367 1844 tntem3
393 1767 486 1832 cuius
509 1767 618 1852 pulvis
644 1769 680 1832 in
703 1789 789 1854 aqua
810 1767 903 1832 fmus
930 1773 963 1832 et
989 1771 1122 1853 potatus
1149 1787 1169 1829 a
1193 1765 1292 1830 variis
1305 1737 1461 1854 {affigi

241 1867 454 1954 languoribus
476 1869 631 1934 liberatos
661 1870 809 1954 pristinus
831 1867 993 1934 restituit¹
1018 1869 1161 1934 sanitati.
1209 1869 1293 1932 Acts
1306 1869 1433 1922 ‘'³0me

241 1978 352 2036 eutem
375 1977 455 2036 sunt
475 1969 544 2037 haec
558 1994 579 2035 a
593 1971 751 2057 passionis
773 1972 843 2036 cius
865 1993 952 2036 anno
975 1971 1294 2058 qumhingcntesimo

243 2075 367 2139 decimo
389 2079 515 2160 quarto,
539 2073 657 2160 quinto
680 2073 761 2140 Idus
784 2073 907 2139 Martii.
1308 2051 1425 2170 largit

1309 2409 1403 2462 Metth.

1309 2477 1413 2528 li'estm.

244 2571 492 2638 Conalnun'nu
537 2571 588 2637 De
610 2570 761 2659 quodum
774 2572 947 2640 intinctio
962 2573 1171 2658 capillutum
1185 2571 1296 2638 setini
1307 2550 1463 2676 mim

649 2672 740 2760 copie
764 2673 907 2742 Ocsuiui.
1309 2683 1420 2796 iiim.

287 2833 310 2901 J
313 2849 425 2902 unctu
449 2834 622 2913 comitissa,
649 2855 735 2901 uxor
764 2833 878 2915 Tostii,
907 2857 979 2923 quie
1010 2835 1052 2903 ab
1079 2835 1228 2925 episcopo
1255 2833 1296 2901 al
1310 2839 1417 2919 lupun

223 2938 328 3013 ‚hanc
365 2938 591 3005 inventionem
628 2937 778 3025 pergenti
815 2937 961 3023 aliquam
998 2938 1061 3003 sibi
1098 2939 1139 3003 de
1176 2938 1296 3003 sanctis
1309 2907 1463 3025 {323ssme

243 3040 391 3127 reliqniis
427 3040 668 3129 portiunculam
706 3040 778 3105 dari
820 3039 1054 3127 postulcverat,
1092 3060 1135 3105 ex
1173 3040 1297 3126 capillis

244 3143 350 3212 sancti
375 3142 532 3227 martyna
558 3148 592 3207 et
614 3140 700 3227 regis
725 3140 851 3207 Oswini
877 3140 1009 3227 penitus
1035 3140 1231 3229 incomptis
1256 3160 1297 3205 ex

244 3246 330 3311 dono
360 3243 506 3311 eimdem
535 3244 677 3331 episcopi
702 3264 856 3331 magnam
880 3248 1008 3329 partem
1039 3244 1168 3331 accepit
1216 3243 1297 3327 Quae

244 3346 402 3433 quosdam
440 3349 553 3421 sanna
589 3344 763 3411 devotione
800 3346 936 3411 inducta
973 3344 1081 3411 voluit
1118 3346 1298 3413 incredulos

126 3496 129 3500 >
246 3451 282 3515 in
310 3448 376 3515 fide
405 3447 615 3517 confirmare:
656 3448 752 3514 iussit
790 3448 900 3535 ignem
931 3448 1096 3535 copiosum
1126 3450 1161 3515 iu
1191 3449 1298 3517 medio

245 3552 327 3619 aulae
354 3551 494 3627 accendi,
515 3556 550 3617 et
575 3550 651 3637 pilis
671 3550 868 3615 fiducialiter
894 3551 1029 3629 iniectis,
1047 3552 1108 3639 ipsi
1133 3552 1297 3617 laesionem

245 3678 312 3722 non
342 3654 521 3721 sentientes
551 3653 692 3719 incendii
716 3651 968 3719 debacchantn²
990 3655 1026 3717 in
1049 3654 1205 3719 maiorem
1235 3655 1298 3721 for-

246 3758 433 3823 mositatem
470 3764 549 3822 sunt
585 3756 741 3821 conversi
802 3755 894 3821 Tunc
932 3756 1096 3822 comitissa
1133 3758 1296 3843 praedieu,

246 3862 292 3927 rei
329 3858 512 3925 novitatem
549 3858 724 3933 admirans,
756 3858 888 3944 capillos
926 3859 1030 3923 suncti
1061 3860 1217 3945 martyris
1255 3858 1297 3923 ab

246 3962 395 4028 inccndio
424 3959 572 4026 sublatos
609 3958 732 4023 honore
769 3960 931 4045 condigno
969 3959 1116 4045 episcopo
1154 3958 1298 4025 dictante

246 4060 433 4139 recondidit,
461 4066 495 4129 et
525 4060 719 4128 catholicum
749 4059 807 4147 qui
830 4060 873 4125 ad
898 4059 958 4125 hoc
981 4058 1200 4145 spectaculum
1225 4080 1298 4127 con-

247 4169 383 4239 venerat
420 4162 578 4251 populum
623 4162 660 4227 in
703 4162 793 4227 beati
840 4162 997 4247 martyris
1036 4160 1163 4227 oswin·
1201 4162 1299 4229 devo·

247 4270 369 4338 tionem
392 4266 621 4334 confirmatum
643 4264 733 4331 abire
755 4264 909 4351 permisit.

281 4610 418 4677 'restituiq
432 4608 537 4669 restitui,
547 4608 604 4660 MS.
772 4605 778 4673 Ι
827 4609 838 4639 ²
854 4606 1036 4681 debacchatus]
1056 4608 1207 4670 debacante,
1220 4608 1274 4662 MS.
