3542 5800
436 861 501 925 218
700 875 767 924 nrc
791 875 1216 926 sensumsensurn.

268 1055 332 1108 via
343 1053 416 1116 ⁰¹³⁸*
437 1059 586 1127 oraculo¹
612 1065 652 1125 ut
666 1063 816 1126 sanctum
829 1061 892 1126 Dei
911 1061 1097 1147 Anglorum
1120 1063 1190 1128 sive
1213 1062 1391 1128 Britonum
1414 1085 1488 1148 pro-

269 1126 408 1238 n²iniont1
435 1167 652 1279 tomartyrem
674 1162 843 1228 Albanum
865 1163 906 1229 de
930 1169 1018 1230 terra
1041 1165 1168 1230 levaret
1190 1169 1225 1231 ct
1248 1165 1444 1251 reliquias'
1416 1187 1487 1230 erus

269 1253 412 1370 bium*
435 1265 472 1329 in
493 1265 613 1330 scrinio
635 1263 768 1352 dignius
794 1265 972 1332 collocaret.
1038 1264 1116 1332 Rex
1147 1289 1225 1333 vero
1257 1265 1336 1334 Offa
1364 1267 1487 1332 divinis

270 1386 350 1438 orsus
360 1384 400 1438 vl·
436 1361 525 1432 ilico
534 1367 671 1433 studens
705 1373 929 1454 optemperare
956 1367 1133 1454 praeceptis,
1165 1369 1268 1435 accito
1298 1368 1486 1434 Humberto

270 1451 332 1504 81011.

437 1468 637 1534 Merciorum
671 1469 919 1556 archiepiscopo,
951 1471 1043 1536 cuius
1072 1471 1164 1536 sedes
1196 1471 1284 1558 apud
1322 1470 1486 1537 Lichefeld

436 1591 543 1656 nuper
571 1571 615 1636 ab
644 1571 758 1636 eodem
796 1593 874 1658 rege
903 1571 1013 1638 fuerat
1050 1573 1240 1650 constituta,
1272 1573 1420 1638 divinam
1456 1573 1488 1638 ei

438 1672 646 1738 voluntatem
659 1672 786 1738 indicat
808 1673 850 1740 de
872 1675 1055 1760 praemissis.
1116 1675 1209 1740 Tunc
1230 1675 1488 1762 archiepiscopus

438 1780 646 1854 memoratus,
670 1775 847 1862 assumptis
868 1777 1027 1842 continuo
1056 1798 1165 1843 secum
1188 1776 1346 1844 Geolwlfo
1370 1777 1490 1842 Linde-

438 1878 557 1944 sciensi
577 1883 613 1942 et
635 1876 792 1942 Unwona
823 1877 1067 1964 Legecestrensi
1090 1880 1247 1967 episcopis
1277 1880 1345 1946 suis
1373 1881 1490 1946 suffra

438 1980 559 2066 ganeis,
596 2000 670 2044 cum
707 1981 881 2045 innumera
925 1981 1096 2068 utriusque
1139 2003 1236 2048 sexus
1281 1987 1316 2047 et
1352 1980 1489 2048 diversae

439 2081 548 2148 aetatis
581 2080 795 2148 multitudine
825 2083 896 2168 regi
918 2083 971 2148 die
1005 2084 1069 2149 sibi
1092 2087 1220 2149 statuta
1243 2084 1332 2171 apud
1356 2083 1489 2150 Verola·

439 2185 544 2248 mium
575 2189 794 2249 occurrerunt.
862 2184 937 2249 Rex
969 2207 1057 2266 vcro,
1093 2186 1171 2251 dum
1205 2186 1284 2251 illuc
1305 2187 1371 2252 iter
1392 2207 1490 2272 cxpe-

440 2287 537 2365 diret,
560 2286 641 2352 lucis
671 2287 840 2351 11111111ι
830 2309 867 2350 ru
898 2287 1065 2354 modum'
1056 2293 1171 2375 mgent
1172 2288 1200 2352 is
1156 2288 1339 2354 tfaculae
1361 2288 1490 2354 coelitus

440 2388 594 2452 emissum
628 2410 726 2473 super
757 2388 865 2454 locum
900 2389 1039 2476 sepulcri
1083 2391 1176 2476 quasi
1210 2389 1385 2455 tirlminare
1414 2411 1489 2454 con-

328 2494 332 2503 '
439 2489 557 2575 spexit.
626 2488 700 2555 Hoc
744 2511 874 2576 quoque
912 2491 1026 2556 divino
1064 2493 1106 2557 ab
1144 2492 1297 2558 omnibus
1334 2491 1490 2557 11111111

276 4499 331 4551 17.

440 2592 633 2676 conspicato,
667 2592 727 2656 tali
760 2591 881 2659 indicio
904 2595 1092 2660 extiterunt
1123 2595 1163 2660 de
1185 2595 1320 2660 visionis
1349 2595 1491 2660 veritate

440 2693 594 2760 certiores
616 2693 732 2759 effecti
777 2694 870 2760 Tunc
895 2697 1018 2784 populo
1041 2697 1076 2761 in
1100 2697 1238 2776 ieiuniis,
1267 2697 1489 2783 eleemosynis,

440 2801 475 2860 et
509 2795 712 2861 orationibus
745 2797 957 2877 sanctificato,
991 2799 1159 2865 antistites
1193 2801 1276 2864 sacri
1308 2801 1490 2866 sacerdota-

383 2932 389 2943 ·
441 2897 527 2964 libus
561 2897 713 2965 adornati
743 2900 858 2965 infulis
887 2901 988 2967 affore
1018 2902 1081 2967 sibi
1112 2903 1203 2968 beati
1233 2904 1388 2989 martyris
1409 2923 1490 2967 aux-

440 3001 535 3067 ilium
557 3000 761 3087 flagitabant
822 3001 947 3069 Fuerat
976 3024 1119 3089 namque
1149 3004 1238 3071 locus
1272 3009 1307 3069 11
1336 3004 1492 3071 memoria

441 3104 597 3219 martyris
619 3109 695 3189 post
712 3104 894 3171 adventum
916 3106 1021 3171 sancti
1044 3105 1201 3173 Germani
1215 3094 1494 3175 Antisiodorcnsis

441 3206 591 3292 episcopi,
626 3207 685 3290 qui
723 3226 798 3271 cum
827 3206 926 3271 beato
961 3207 1054 3295 Lupo
1077 3208 1259 3275 Trecssinae
1288 3208 1380 3275 urbis
1410 3210 1494 3295 epis·

441 3330 521 3423 copo
543 3306 587 3371 ad
612 3308 840 3393 extirpandum
871 3309 1021 3375 haeresim
1052 3310 1301 3397 Pelagianam
1291 3333 1328 3377 m
1362 3311 1493 3377 Britan·

441 3410 532 3475 niam
577 3413 744 3487 venerant,
782 3410 878 3475 annis
916 3412 1045 3478 circiter
1081 3414 1236 3481 trecentis
1273 3414 1493 3501 quadraginta

443 3514 600 3596 quattuor
643 3511 777 3577 omnino
820 3513 936 3579 deleta
1020 3514 1191 3602 Siquidem
1234 3536 1314 3603 gens
1365 3538 1494 3604 pagana

445 3612 626 3692 Saxonum,
655 3602 871 3679 Jutorumet
836 3614 1091 3705 eAuglorum
1121 3618 1314 3684 Britonibus
1350 3619 1493 3705 expulsis

445 3714 653 3779 Britarmiam
690 3714 956 3803 subiugaverant,
994 3724 1034 3785 ut
1070 3720 1218 3805 superius
1255 3724 1384 3787 constat
1419 3742 1493 3807 pro-

444 3816 545 3881 lixius
569 3821 767 3882 exaratum:
813 3840 893 3885 mox
925 3842 1022 3907 agros
1044 3821 1327 3908 depopulantes,
1317 3843 1428 3909 rgnem
1457 3822 1493 3887 in

444 3918 596 3985 civitates
617 3924 652 3984 et
674 3918 795 4005 oppida
823 3923 1077 4001 accumulantes,
1111 3944 1218 3989 sacras
1254 3924 1403 3989 ecclesias
1424 3924 1493 3990 solo

444 4026 541 4087 tenus
574 4021 826 4107 complanantes
857 4025 1039 4091 sacerdotes
1069 4026 1311 4102 detrumcantes,
1342 4030 1492 4091 cunctam

444 4144 539 4209 paeno
575 4123 778 4210 superficiem
814 4124 932 4190 insulae
969 4148 991 4190 a
1027 4128 1111 4193 mari
1140 4126 1308 4213 usquead
1330 4148 1420 4192 mare
1442 4128 1493 4192 iu·

445 4224 698 4291 misericorditer
721 4225 922 4291 delevcnmt.
985 4227 1060 4293 Hac
1088 4230 1200 4314 itaque
1226 4232 1423 4315 tempestate
1444 4248 1493 4293 ec-
1587 4282 1589 4285 .

446 4324 542 4389 clesia
585 4326 676 4391 beati
713 4327 898 4414 anglorum
935 4332 1187 4417 protomartyris
1224 4331 1354 4409 Albani,
1393 4352 1493 4416 quam

278 4432 341 4481 Bau.
354 4432 430 4486 111
446 4426 580 4491 Beda'
570 4448 606 4489 m
629 4426 816 4513 Anglorum
846 4429 999 4497 Historia
1027 4437 1103 4518 post
1135 4433 1320 4519 passionem
1350 4432 1493 4500 eiusdem

445 4527 601 4613 martyris
645 4529 730 4595 miro
766 4530 919 4597 tabulatu
968 4533 1097 4652 lapideo
1134 4535 1264 4623 scripsit
1309 4556 1377 4601 esse
1419 4556 1494 4601 con·

445 4636 612 4705 striatam,
635 4632 724 4697 inter
754 4639 877 4699 ceteras
909 4638 1050 4723 regionis
1084 4638 1231 4704 ecclesias
1262 4638 1413 4703 funditus
1442 4642 1494 4704 cst

1129 4808 1345 4817 ..μ-μ...-
1353 4806 1479 4815 ..ῃ-...ων

807 4861 815 4889 ¹
833 4862 944 4927 1111111]
959 4864 1050 4924 orculo,
1059 4862 1115 4915 MS.
