3542 5800
485 915 532 965 na
554 916 671 965 omma
693 913 815 966 aaouu
836 917 1020 968 mon-11.
1038 905 1088 968 53.
1237 901 1303 972 217

254 1106 404 1167 mortuus
434 1106 506 1168 crat
534 1106 651 1168 octavo
682 1101 757 1168 idus
788 1101 967 1168 Februarii.
1023 1101 1093 1170 Iste
1125 1101 1415 1168 moctensi-raa.

254 1205 332 1269 alite
356 1205 444 1270 mala
465 1225 604 1292 regnum
624 1205 789 1292 ingressus
811 1205 885 1271 fuit
926 1205 1054 1292 Quippe
1075 1228 1133 1292 per
1155 1205 1305 1270 undecim

254 1328 356 1371 annos
378 1306 555 1373 infestante
571 1307 690 1373 Edrico
710 1307 780 1372 fflio
800 1307 938 1394 Egberti
959 1309 1145 1394 frequenter
1165 1315 1199 1374 et
1213 1307 1307 1372 varia

253 1418 340 1477 sorte
362 1411 516 1476 civilibus
536 1410 641 1489 bellis,
657 1412 834 1478 novissime
848 1413 1042 1478 vulneratus
1065 1418 1115 1479 cst
1138 1413 1173 1478 in
1195 1433 1306 1500 pugna

212 1585 226 1602 ‚
254 1513 460 1579 Australium
475 1513 653 1591 Saxonum,
670 1536 752 1599 quos
767 1518 882 1580 contra
902 1537 977 1580 eum
996 1517 1153 1602 praefatus
1169 1515 1305 1580 Edricus

255 1621 498 1704 aggregaverat,
527 1622 561 1683 et
591 1618 680 1682 inter
709 1617 906 1682 medendum
933 1618 1105 1684 defunctus
1136 1619 1207 1704 ipso
1234 1617 1306 1682 vul·

254 1741 337 1784 nere.
385 1721 473 1785 Sunt
502 1721 559 1806 qui
589 1741 656 1786 non
685 1724 798 1786 tacent
822 1720 940 1786 fratres
965 1721 1078 1786 ambos
1108 1721 1174 1785 cita
1200 1725 1306 1784 morte

254 1823 372 1887 merito
409 1822 613 1888 crudelitatis
650 1824 849 1909 absumptos,
890 1823 978 1908 quod
1019 1822 1183 1910 Egbertus
1220 1822 1305 1888 filios

254 1925 365 2010 patrui
394 1924 586 1990 innocentes
623 1925 785 2002 occiderit,
812 1924 994 1990 Hlothcrus
1031 1929 1194 2011 martyres
1230 1946 1305 2010 pro-

254 2027 382 2113 palatos
410 2027 558 2105 irriserit,
587 2028 738 2112 quamvis
763 2028 853 2114 prior
883 2033 918 2091 et
948 2027 1071 2092 factum
1099 2027 1304 2114 ingemuerit,

254 2135 288 2194 et
317 2129 417 2194 matri
443 2129 651 2195 fratruelium
675 2135 804 2217 purtem
831 2128 948 2195 insulae
974 2130 1116 2196 Tanatus
1137 2130 1180 2194 ad
1202 2129 1305 2196 aedifi·

254 2232 394 2298 mndum
414 2232 648 2297 monasterium
665 2232 866 2297 concesserit.
912 2232 944 2296 N
947 2254 983 2298 ec
998 2233 1135 2299 Edricus
1159 2254 1305 2298 successu
1318 2238 1386 2290 will.

255 2335 440 2419 tyrannidis
476 2335 613 2422 longum
637 2335 801 2422 »gloriatus
834 2340 892 2414 est,
925 2335 981 2400 sed
1015 2335 1098 2402 citra
1135 2336 1303 2402 biennium
1317 2306 1470 2438 ξίῗιῗὲδῇ

253 2458 355 2524 regno
380 2442 415 2502 et
444 2436 516 2501 vita
548 2436 715 2524 spoliatis,
747 2438 889 2524 patriam
920 2437 1126 2504 lacerandam
1156 2438 1305 2504 hostibus
1318 2411 1443 2538 paritor

255 2540 414 2626 exposuit.
459 2539 549 2604 Nam
587 2561 725 2626 regnum
762 2538 847 2604 illud
884 2561 942 2628 per
979 2540 1112 2628 aliquod
1151 2541 1306 2628 temporis
1318 2521 1402 2572 Mne.

253 2643 397 2729 spatium
420 2663 512 2728 reges
537 2639 631 2707 dubii
657 2642 711 2707 vel
741 2641 871 2708 externi
896 2643 1181 2731 disperdiderunt;
1205 2599 1378 2710 donecBetL
1394 2599 1410 2649 ¹⁸
1425 2616 1447 2651 θ’

253 2744 429 2832 legitimus
451 2766 512 2809 rex
536 2744 738 2820 Whitredus‚
769 2744 805 2810 id
835 2751 893 2822 est,
933 2747 1021 2812 filius
1060 2746 1206 2834 Egberti,
1231 2769 1305 2812 con·
1318 2745 1443 2807 whirrad,

252 2847 393 2913 fortatus
422 2847 459 2914 in
483 2868 592 2934 regno,
619 2846 775 2934 religione
797 2847 897 2914 simul
924 2855 958 2914 et
984 2849 1147 2915 industria
1173 2855 1305 2937 gentem
1318 2813 1421 2945 iffi,

252 2972 344 3015 cuam
370 2949 414 3013 ab
440 2954 598 3015 extranea
622 2948 792 3016 invasione
816 2950 979 3017 liberaret
1026 2952 1192 3017 Continuo
1217 2954 1305 3018 enim
1318 2959 1390 3009 wil.

252 3052 572 3139 quidamGedwalla
596 3053 792 3118 cumfratre
818 3053 971 3133 Molione,
993 3053 1074 3119 alias
1099 3076 1175 3119 sane
1199 3024 1433 3141 bonuquaa.

252 3162 286 3221 et
314 3155 439 3236 efficax,
471 3154 685 3241 digladiabile
715 3155 828 3221 odium
857 3156 895 3221 in
926 3156 1139 3223 Cantuaritas
1168 3156 1306 3244 spirans,
1319 3158 1446 3237 cuwella

253 3257 386 3345 quantis
408 3257 521 3345 potuit
548 3258 720 3323 conatibus
750 3258 955 3345 provinciam
981 3258 1107 3325 invasit
1131 3261 1209 3325 olim
1234 3224 1421 3343 diu-{mi

252 3370 352 3427 tuma
380 3383 459 3449 pace
489 3360 663 3441 feriatum3
691 3361 749 3426 sed
782 3368 862 3427 tunc
899 3362 1058 3427 intestino
1095 3362 1180 3429 bello
1212 3357 1446 3429 dissi-M0l0511·

253 3466 384 3531 dentem
411 3466 544 3551 impune
570 3464 635 3529 sibi
659 3486 822 3529 cessuram
843 3463 1031 3531 arbitratus
1078 3464 1144 3532 Sed
1168 3490 1234 3531 non
1257 3466 1306 3532 ita
1317 3424 1467 3479 reuellens.

255 3575 293 3634 ut
323 3568 478 3655 sperabat
508 3568 678 3653 inparatos
707 3572 768 3632 aut
798 3568 901 3632 animi
931 3591 1052 3635 vacuos
1091 3570 1306 3657 provinciales

254 3671 401 3737 offendit.
447 3670 618 3757 Siquidem
648 3674 724 3756 post
745 3669 854 3736 multa
883 3670 1089 3737 incommoda
1113 3674 1248 3739 vicatim
1272 3678 1307 3739 ct

252 3774 432 3861 oppidatim
450 3779 592 3860 accepta,
614 3772 751 3837 tandem
775 3772 915 3837 animati
942 3774 985 3839 ad
1015 3797 1132 3840 manus
1156 3777 1303 3853 veniunt,

252 3898 486 3964 congressuque
516 3876 698 3961 superiores
729 3874 930 3941 cedwallam
961 3878 995 3941 in
1034 3882 1127 3963 terga
1158 3883 1302 3953 vertunt,

250 3980 416 4065 fratreque
439 3978 510 4044 eius
535 3977 680 4043 Molione
703 3976 876 4065 praedicto¹
895 3978 931 4045 in
949 3979 1114 4065 quoddam
1136 3980 1304 4066 tugurium

252 4082 425 4169 compulso,
458 4080 687 4146 domunculam
721 4082 826 4168 ipsam
860 4081 1069 4147 succendunt.
1116 4082 1171 4146 Ita
1195 4082 1303 4161 Molle,

252 4185 329 4249 dum
351 4183 546 4269 erumpendi
565 4183 602 4247 in
620 4183 747 4249 hostem
763 4183 890 4248 deesset
912 4184 1055 4261 audacia,
1072 4187 1106 4247 et
1121 4184 1202 4249 totis
1223 4184 1306 4249 citra

250 4290 372 4351 tectum
405 4284 591 4372 [habenisP
624 4290 799 4373 regnarent
833 4285 992 4363 incendia,
1032 4286 1119 4351 inter
1156 4287 1304 4353 flammas
1318 4291 1429 4343 Malloia

250 4388 390 4455 halitum
413 4389 567 4455 ructavit
619 4388 696 4453 Non
718 4394 831 4454 tamen
853 4387 1021 4455 Cedwalla
1043 4388 1180 4469 destitit,
1205 4396 1264 4457 sut
1286 4359 1431 4477 aigffiw

284 4757 291 4797 ¹
297 4766 383 4830 frate
394 4799 418 4816 ..
437 4754 681 4831 Modoaeproedr'cto]
699 4760 752 4814 ira·
780 4766 786 4904 Ι
836 4760 971 4831 vianna]
990 4780 1038 4817 om.
1051 4764 1106 4819 MS.

248 4850 312 4898 trem
322 4882 328 4896 .
339 4882 347 4899 .
358 4844 497 4897 Malloeam
506 4844 662 4910 predictum,
672 4844 730 4897 Ms.
