3542 5800
439 849 482 908 40
706 861 769 910 rue.
793 862 839 910 os
862 861 993 912 elanus.
1017 862 1104 912 seso.
1127 863 1212 913 mse.

440 1044 603 1121 vidissent,
628 1067 702 1110 eum
726 1044 873 1130 pluribus
904 1044 1072 1120 ordinatis,
1100 1044 1158 1129 qui
1189 1045 1225 1108 in
1258 1050 1355 1110 tanto
1378 1043 1489 1109 diseri·

437 1146 535 1212 minis
557 1147 791 1232 supeffuersnt
836 1169 910 1212 eum
940 1147 1085 1231 reliquiis
1114 1152 1303 1212 sanctourm
1328 1147 1365 1210 in
1392 1145 1489 1212 Cam·

437 1248 542 1312 briam
575 1248 784 1334 diffugerunt,
817 1249 972 1314 timentes
1002 1269 1044 1312 ne
1067 1248 1282 1314 barbarorum
1307 1249 1489 1334 irruptione

436 1355 488 1414 tot
518 1355 552 1415 et
581 1356 750 1416 tantorum
781 1373 852 1416 ossa
893 1357 1042 1416 veterum
1072 1373 1093 1415 a
1125 1351 1289 1416 memoriis
1318 1350 1488 1416 hominum

436 1452 628 1530 delerentur,
653 1455 681 1516 si
704 1453 830 1539 ipsein
854 1453 1061 1517 imminenti¹
1078 1453 1213 1518 minime
1238 1453 1486 1518 subtraxissent

437 1553 550 1619 Plures
573 1556 673 1620 etiam
698 1555 945 1620 Armorieanam
971 1554 1179 1620 Britanniam
1204 1561 1353 1641 petentes
1380 1559 1486 1620 totam

435 1657 600 1720 eeclesiam
633 1657 772 1722 duarum
806 1656 1054 1742 prouinciarum,
1095 1656 1240 1743 Loegriae
1269 1657 1423 1722 videlieet
1452 1661 1487 1721 et

434 1757 466 1820 N
470 1758 755 1835 orthanhumbriae,
796 1781 816 1823 a
855 1759 1071 1824 conventibus
1109 1760 1176 1824 suis
1214 1760 1386 1824 viduatam
1431 1759 1486 1822 de-

433 1867 606 1926 seruenmt
650 1867 683 1926 et
723 1861 862 1924 inanem.
925 1859 1130 1938 Quibusdam
1176 1883 1254 1926 vere
1299 1866 1485 1926 sanctorum

433 1963 619 2048 emporibus
644 1985 717 2047 quae
744 1964 779 2026 in
805 1962 959 2048 sepulcris
989 1963 1141 2027 iubebant
1163 1970 1350 2030 reverenter
1380 1963 1484 2028 oeeul-

433 2066 521 2139 tatis,
558 2067 703 2130 tumulos
736 2070 832 2130 terrae
866 2071 1149 2149 superposuerunt,
1186 2087 1228 2130 ne
1262 2066 1305 2129 ab
1336 2065 1485 2130 hostibus

433 2167 598 2252 despectui
636 2166 843 2231 haberentur.
912 2165 1018 2230 Erant
1060 2167 1147 2230 enim
1186 2167 1369 2252 Anglorum
1414 2168 1484 2232 sive

433 2267 602 2332 Saxonum
618 2289 707 2353 reges
732 2268 830 2350 amnis
845 2268 1062 2331 strenuissimi
1085 2273 1119 2332 et
1142 2270 1262 2354 pagani
1281 2269 1481 2343 atrocissimi,

431 2370 488 2453 qui
527 2369 610 2433 nihil
650 2370 758 2454 potius
803 2391 903 2452 quem
942 2368 1109 2434 Christum
1147 2375 1182 2435 et
1221 2369 1482 2436 Christianorum

431 2471 555 2535 cultum
582 2471 771 2535 subvertere
790 2469 954 2534 sitiebant.
1001 2470 1091 2534 Nam
1114 2471 1209 2554 siqua
1235 2472 1369 2536 eeclesia
1395 2478 1483 2536 terra

431 2571 607 2658 subiugata
630 2573 732 2636 illaesa
754 2571 956 2646 servabam,
979 2571 1039 2637 hoe
1065 2573 1171 2658 magis
1195 2573 1239 2637 ad
1260 2573 1481 2639 oonhrsionem

263 2690 395 2742 TheSax-
431 2675 572 2738 nominis
600 2673 723 2738 Christi
755 2695 855 2758 quam
886 2672 930 2736 ad
958 2673 1097 2758 gloriam
1127 2673 1298 2739 faciebant
1356 2674 1482 2760 Nempe

262 2759 417 2873 ffiffif‘he
431 2795 472 2837 ex
505 2776 551 2840 eis
581 2776 714 2840 deorum
745 2796 877 2839 suorum
908 2773 1032 2859 templa
1053 2775 1217 2851 ferientes
1240 2776 1386 2861 profanis
1415 2778 1482 2841 suis

262 2889 384 2969 eburones
430 2877 593 2943 sacrifieiis
615 2881 729 2942 saneta
752 2876 815 2941 Dei
838 2876 957 2941 altaria
979 2876 1177 2962 polluerimt.
1347 2928 1352 2935 .

261 2957 371 3089 ξξρᾗῗζε,
476 2980 594 3065 nsque
629 2980 783 3045 sannas
819 2980 912 3064 regni
945 2979 1097 3043 diadema
1130 2980 1244 3045 mnes
1280 2982 1481 3067 amposta

430 3082 628 3158 amittentes,
664 3083 817 3149 videlieet
850 3102 954 3166 usque
991 3082 1034 3146 ad
1069 3088 1217 3167 tempora
1250 3082 1478 3157 Cadwallonis

430 3208 526 3269 quem
543 3186 633 3250 Beda
655 3183 856 3251 Cedwallam
876 3190 981 3259 vocat,
1007 3183 1097 3248 illam
1118 3184 1234 3270 patriae
1261 3191 1388 3271 partem
1407 3208 1481 3271 quae

430 3288 476 3351 eis
517 3291 725 3361 remanserat,
768 3308 835 3350 non
875 3283 934 3353 uni
972 3286 1041 3369 rogi
1078 3285 1136 3349 sed
1178 3286 1284 3351 tribus
1328 3289 1480 3375 tyrannis

430 3388 617 3464 subiectam,
642 3386 791 3451 civilibus
818 3386 912 3451 bellis
938 3386 1115 3470 saepissime
1140 3386 1295 3452 infestare
1319 3411 1385 3453 non
1415 3413 1480 3455 ees·

262 3500 398 3551 Tnethreo
430 3489 557 3553 subant.
598 3488 798 3553 Residebant
816 3487 919 3573 igitur
934 3488 1123 3553 miserrimae
1138 3488 1313 3553 Britonum
1335 3491 1480 3576 reliquiae

261 3566 402 3695 fflgssm
430 3590 465 3653 in
495 3590 600 3656 tribus
634 3589 816 3676 provinciis
857 3589 1024 3654 Comubia
1057 3590 1210 3655 videlieet
1246 3592 1332 3676 (quae
1369 3593 1478 3659 Comu

262 3698 396 3761 Gornwall,
430 3691 557 3757 Wallire
590 3715 611 3757 a
642 3690 838 3777 quibusdam
870 3691 997 3767 dieitur,
1034 3713 1072 3756 eo
1109 3694 1197 3777 quod
1227 3694 1262 3757 in
1292 3716 1382 3761 mere
1410 3719 1481 3762 sese

261 3762 382 3893 iffi),
429 3795 521 3879 quasi
548 3816 648 3860 eornu
678 3793 859 3879 extendat),
892 3792 1047 3857 Demeeis
1072 3816 1147 3879 quse
1170 3796 1335 3861 Australis
1358 3796 1480 3864 Wallia

261 3896 382 3949 nemeen
430 3897 620 3983 appellatur,
648 3895 833 3961 Venedocia
866 3916 940 3979 quae
975 3895 1085 3960 North
1117 3896 1240 3961 Wallia
1263 3906 1478 3987 nuncupatur.

260 3964 368 4095 (eigili),
429 4000 493 4065 His
517 3999 637 4065 finibus
663 3996 814 4084 quamvis
838 3996 883 4061 eis
915 3998 1030 4062 invitis
1046 4000 1206 4075 eontenti,
1238 4021 1259 4063 a
1280 4001 1345 4065 fide
1367 4006 1479 4067 tamen

260 4094 405 4149 V⁰¹¹⁰d⁰⁰1²
430 4102 553 4168 Christi
568 4123 738 4187 nunquam
753 4105 960 4165 recesserunt.
1007 4098 1073 4164 Sed
1095 4099 1130 4163 in
1143 4100 1205 4167 hoe
1220 4108 1351 4167 tantum
1372 4126 1477 4191 repre·

260 4162 366 4293 illidii
428 4204 600 4268 hensibiles
616 4204 810 4279 iudicantur,
833 4202 922 4287 quod
935 4223 1062 4286 semper
1087 4208 1219 4287 gentem
1245 4205 1428 4291 Anglorum
1443 4214 1479 4273 et

260 4320 365 4387 Latng
428 4306 529 4370 etiarn
552 4326 655 4391 usque
678 4306 713 4369 in
736 4305 930 4369 hodiernum
957 4304 1044 4367 diem
1066 4304 1160 4389 quasi
1181 4327 1239 4390 per
1261 4328 1316 4371 eos
1339 4309 1478 4393 propriis

258 4388 413 4504 wlff
426 4408 547 4474 finibus
580 4408 751 4494 proscripti
783 4407 857 4472 odio
890 4406 1021 4471 mortali
1051 4406 1285 4495 perstringrmt,
1317 4430 1376 4474 neo
1411 4410 1476 4477 illis
1513 4395 1515 4398 ⁵

258 4517 414 4571 Britonsand

258 4586 364 4639 Saxeus.
429 4626 437 4629 .
466 4626 472 4629 .
715 4620 792 4625 ...--
827 4618 1176 4625 --„-.—,.-„—

476 4767 482 4795 ¹
494 4766 547 4831 ipso
560 4766 585 4814 in
597 4760 738 4827 innuenti]
758 4761 812 4825 ipsa
823 4760 963 4810 imminenti
975 4760 1094 4823 periculo,
1110 4761 1200 4811 Matth.
1212 4761 1326 4824 Westm„
1338 4778 1362 4828 p.
1374 4768 1429 4816 lou.
