3542 5800
453 869 518 933 196
718 879 784 931 ιιιο.
807 881 855 930 na
876 881 1011 932 οιιιιιιιο.
1034 881 1123 932 sane.
1146 880 1231 930 mss.

452 1063 569 1128 lionam
607 1069 733 1150 septem
757 1065 894 1144 milium,
923 1069 958 1130 et
984 1087 1022 1130 eo
1052 1065 1159 1131 adhue
1189 1070 1336 1150 tempore
1365 1060 1502 1148 paganis

452 1165 596 1230 cultibus
617 1166 801 1245 serviebat3
823 1167 900 1231 huic
922 1167 1061 1233 verbum
1084 1167 1163 1232 fidei
1185 1173 1219 1232 et
1233 1166 1399 1230 lavacrum
1417 1163 1502 1226 salu-

286 1271 385 1322 ΕΜ·
452 1267 496 1331 tis
519 1266 734 1332 ministrabat.
781 1267 863 1332 Erat
887 1273 999 1334 autem
1023 1289 1082 1334 rex
1107 1267 1253 1355 gentis
1244 1267 1347 1382 1psius
1370 1263 1502 1330 AEthel-

284 1337 436 1456 03⁰3&
453 1367 580 1432 woldus
604 1390 672 1432 non
695 1369 801 1434 multo
766 1375 909 1434 tante
936 1370 1123 1455 baptizatus
1152 1369 1189 1432 in
1219 1367 1386 1455 provincia
1416 1365 1502 1430 Mer·

451 1467 583 1546 ciorum,
613 1475 774 1556 praesente
796 1493 834 1535 ae
855 1477 1050 1557 suggerente
1079 1491 1155 1557 rege
1181 1465 1404 1546 Wlfhero‚¹
1363 1491 1384 1532 a
1436 1487 1501 1582 quo

452 1571 553 1636 etiam
576 1593 723 1657 egressus
753 1573 794 1636 de
823 1572 916 1637 fonte
955 1573 1024 1638 loco
1054 1573 1115 1636 filii
1152 1575 1320 1658 susceptus
1358 1575 1428 1635 est:
1466 1569 1501 1632 ιιι

451 1672 543 1738 maius
573 1673 703 1760 signum
733 1673 926 1759 adoptionis,
959 1675 1040 1740 duas
1064 1675 1114 1738 illi
1140 1673 1324 1760 provincias
1354 1670 1500 1744 donavit,

451 1773 589 1840 Vectem
618 1775 772 1840 videlieet
801 1775 951 1852 insulam,
980 1781 1013 1840 et
1045 1775 1278 1841 Mennarorum
1300 1773 1499 1860 pmvineiam

452 1876 488 1940 in
517 1882 615 1963 gente
645 1876 904 1942 Occidentalium
935 1877 1111 1944 Saxonum.
1177 1877 1295 1963 Itaque
1326 1877 1500 1962 episeopus,

451 1979 654 2055 eoncedente,
685 1979 785 2044 immo
815 1979 959 2043 multum
982 1980 1145 2065 gaudente
1175 2001 1258 2065 rege,
1283 1979 1405 2064 primos
1427 1997 1501 2062 pro-

450 2080 570 2146 vinciae
596 2081 693 2145 duoes
716 2103 754 2145 ae
783 2080 905 2145 milites
929 2102 1019 2146 sauro
1045 2080 1136 2146 fonte
1160 2080 1336 2160 abluebat;
1367 2079 1501 2166 presby-

449 2182 513 2246 teri
539 2181 641 2267 Eppa
673 2187 707 2246 et
737 2181 858 2256 Padde,
884 2187 918 2246 et
949 2181 1144 2248 Burhelmua
1171 2189 1205 2248 et
1232 2182 1333 2258 Euda
1359 2187 1499 2246 eetemm

449 2282 580 2368 plebem
616 2283 671 2348 vel
709 2288 788 2349 tune
818 2284 870 2348 vel
901 2289 1047 2370 tempore
1085 2290 1241 2370 sequente
1278 2283 1499 2370 baptizabant.

451 2383 551 2448 Porro
580 2384 694 2470 aegina
716 2385 847 2448 nomine
877 2385 973 2451 Ebba
999 2385 1035 2450 in
1064 2407 1130 2462 sua
1159 2385 1194 2450 id
1219 2391 1278 2463 est,
1303 2384 1498 2450 Wieeiorum

449 2485 626 2570 provincia,
653 2484 762 2550 fuerat
784 2485 961 2572 baptizata
1017 2487 1098 2552 Erat
1124 2493 1235 2553 autem
1265 2487 1333 2552 filia
1357 2485 1497 2562 Anfridi,

450 2585 560 2650 fiatris
586 2586 720 2662 Anheri,
759 2587 817 2672 qui
847 2589 945 2654 ambe
975 2611 1050 2654 oum
1075 2611 1135 2656 suo
1164 2589 1286 2675 populo
1318 2586 1497 2654 Christiani

449 2687 589 2753 fuerunt
622 2687 777 2754 Ceterum
799 2694 872 2755 tota
878 2691 1073 2808 'provincia
1098 2689 1304 2756 Australium
1328 2689 1497 2755 Saxonum

280 2895 400 3015 Dauid,
494 2891 576 2957 Emt
601 2897 713 2959 autem
738 2892 786 2958 ibi
816 2891 994 2959 monachus
1024 2843 1157 2980 qnidam
1188 2893 1229 2961 de
1252 2893 1385 2960 natione
1407 2891 1499 2959 Scot-

281 3031 432 3084 „mm
447 2998 566 3073 torum,
591 2996 752 3061 vocabulo
779 2994 885 3073 Dioul,
913 2994 1038 3063 habens
1067 2996 1354 3063 monasteriolum⁹
1374 3016 1500 3083 permo-

448 3098 598 3163 dicum
588 3120 625 3161 ιιι
653 3099 723 3163 loeo
752 3098 810 3183 qui
840 3103 979 3163 vocatur
1009 3098 1203 3179 Bosanham,
1234 3098 1326 3164 silvis
1350 3102 1384 3163 et
1409 3118 1498 3163 mana

448 3199 691 3275 circumdatum,
731 3203 765 3264 et
801 3199 838 3263 in
875 3221 914 3265 eo
944 3199 1010 3265 frat
995 3204 1061 3267 tres
1090 3202 1235 3287 quinque
1265 3200 1334 3266 sive
1363 3221 1430 3279 aex,
1461 3200 1498 3263 in

447 3300 565 3366 humili
592 3306 625 3365 et
648 3321 790 3386 paupere
815 3300 888 3365 vita
915 3300 1058 3368 Domino
1088 3301 1291 3368 famulantes
1338 3300 1404 3367 Sed
1426 3322 1498 3387 pro—

447 3402 639 3466 vincialium
664 3402 773 3466 nullus
803 3423 915 3466 eorum
942 3403 994 3467 vel
1021 3403 1127 3469 vitam
1153 3403 1309 3483 aemulari,
1333 3403 1387 3467 vel
1416 3424 1498 3489 prae·

449 3501 645 3568 dicationem
668 3502 804 3567 curabat
826 3503 945 3568 audire.

282 3617 385 3670 wssffid
399 3632 440 3667 ra
495 3602 735 3689 Evangelizans
764 3610 876 3669 autem
906 3606 999 3691 genti
1029 3606 1196 3693 episeopus
1221 3606 1399 3683 Wilfn'dus,
1431 3628 1497 3671 non

282 3685 421 3816 {mm}
450 3704 554 3771 solum
578 3726 650 3770 eam
680 3704 722 3769 ab
751 3728 900 3771 aerumna
929 3714 1094 3795 perpetuae
1124 3708 1351 3787 damnationis,
1382 3730 1496 3773 verum

282 3818 370 3883 peoepl
380 3766 485 3882 byaet
510 3830 532 3873 a
554 3805 644 3873 clade
666 3806 802 3872 mfanda
825 3809 1015 3895 temporalis
1039 3808 1193 3875 interitus
1217 3810 1345 3896 eripuit
1390 3808 1498 3895 Siqui-

282 3884 392 4003 ἥξω
401 3884 524 3975 Ofdem
546 3908 654 3975 tribus
679 3908 793 3974 annis⁸
818 3914 897 3975 ante
923 3912 1103 3977 adventum
1130 3912 1199 3977 eiua
1225 3912 1261 3976 in
1287 3912 1496 3999 provinciam,

448 4012 542 4077 nulla
569 4010 674 4076 illis
664 4032 701 4075 m
726 4010 805 4076 loeis
846 4012 961 4097 pluvia
998 4012 1164 4089 oeciderat,
1204 4012 1291 4079 unde
1325 4018 1359 4079 et
1395 4012 1498 4079 sames

449 4112 655 4178 aeerbissima
691 4113 820 4198 plebem
856 4113 1064 4179 invadens
1055 4114 1157 4201 impia
1193 4136 1272 4180 nece
1309 4114 1496 4201 prostravit

450 4214 601 4298 Denique
621 4213 733 4279 fenmt
755 4214 833 4299 quia
855 4237 940 4301 saepe
963 4216 1182 4302 quadraginta
1203 4216 1300 4281 simul
1322 4221 1382 4281 aut
1402 4216 1498 4301 quin-

449 4314 609 4399 quaginta
644 4312 793 4380 homines
829 4315 939 4381 inedia
981 4318 1137 4383 macerati
1182 4314 1417 4403 procederent‘
1453 4316 1496 4382 ad

483 4617 534 4685 ἀ]
546 4626 579 4679 et,
589 4618 646 4670 Ms.
1031 4622 1137 4689 ἀηιιίι]
1150 4622 1231 4685 annis,
1244 4624 1420 4675 soeondhand.
1493 4656 1499 4665 ·

452 4700 501 4825 M¹s
508 4696 711 4766 monasteriolam]
740 4701 952 4765 memorialem,
1031 4702 1041 4733 ⁴
1048 4702 1217 4769 procederem]
1231 4704 1405 4768 prociderunt,
1416 4702 1472 4755 MS.
