3542 5800
440 846 519 943 ‘246
719 890 785 942 suc.
808 889 856 940 na
877 889 1012 941 crema
1035 889 1124 940 erac.
1147 889 1234 940 mss.

455 1079 611 1146 amicitiae
632 1079 740 1146 foedus
769 1079 869 1144 fuisse
891 1083 1097 1165 compactum
1120 1077 1308 1144 ostenditur
1328 1077 1505 1145 evidenter.

321 1219 333 1236 ι
461 1183 609 1264 Quarum
633 1182 819 1246 litterarum
833 1186 931 1247 tenor
952 1181 1030 1246 talis
1052 1186 1120 1246 est:

283 1298 388 1350 charla
499 1292 517 1319 “
533 1283 683 1362 Karalus,
708 1281 773 1348 Dei
793 1285 904 1370 gratia
931 1303 991 1348 rex
1030 1283 1230 1348 Francorum
1259 1286 1295 1348 et
1317 1281 1503 1369 langobar-

283 1364 395 1429 Μὴ
455 1388 572 1452 dorum
609 1393 645 1452 et
677 1387 834 1473 patricius
874 1387 1107 1464 Romanorum,
1139 1386 1212 1450 viro
1253 1385 1441 1450 venerando
1469 1391 1504 1450 et

283 1433 357 1482 letter
369 1438 395 1480 to

284 1497 356 1614 gviii
454 1489 549 1554 fratri
574 1489 738 1554 carissimo
769 1487 854 1555 Offae
878 1487 949 1575 regi
981 1487 1177 1554 Marciorum
1200 1487 1347 1553 salutem.
1394 1485 1504 1553 Primo

284 1697 407 1760 Uter·
454 1687 667 1771 sinceritate,¹
689 1715 788 1779 quam
812 1691 845 1757 in
866 1694 986 1758 vestris
1013 1693 1143 1780 paginis
1165 1693 1367 1780 repperimus
1393 1692 1505 1757 lauda-

285 1767 413 1879 ffi’tstw'
454 1797 566 1862 biliter
587 1794 780 1861 exaratam.⁹
825 1794 876 1860 De
906 1796 1084 1882 peregrinis
1108 1816 1195 1872 vero,
1224 1796 1281 1882 qui
1311 1815 1371 1881 pro
1395 1813 1504 1859 amore

285 1895 391 1946 Weetna
455 1899 520 1964 Dei
540 1905 574 1964 et
593 1899 699 1963 salute
721 1897 907 1962 animarum
930 1919 1064 1963 suarum
1086 1896 1260 1962 beatorum
1283 1896 1504 1984 apostolorum

285 1961 409 2091 &gaggand
454 2003 571 2066 limina
600 2003 690 2066 adire
718 2000 913 2078 desiderant,
946 2023 1019 2064 cum
1046 2023 1124 2086 pace
1155 2001 1226 2066 sine
1256 2001 1346 2065 omni
1376 2005 1504 2086 pertur-

285 2099 376 2158 ΜΟ·
455 2105 588 2170 batione
610 2105 742 2168 vadant.
788 2101 855 2167 Sed
881 2101 910 2166 si
933 2103 1035 2188 aliqui
1059 2125 1126 2169 non
1152 2102 1303 2189 religioni
1327 2103 1505 2168 servientes

286 2177 417 2307 ἓξὲξ
457 2208 515 2273 sed
545 2206 635 2272 luera
659 2209 820 2271 sectantes
850 2204 1063 2271 inveniantur
1087 2207 1173 2270 inter
1199 2227 1261 2282 eoa,
1287 2205 1366 2270 locis
1389 2226 1506 2292 oppor-

286 2309 408 2373 pilgrims
455 2307 546 2374 tunis
582 2312 712 2373 statuta
746 2307 877 2371 solvant
907 2305 1067 2372 thelonea.
1114 2307 1344 2394 Negotiatores
1375 2328 1505 2393 quoque

287 2391 410 2512 ἓξὲξ
454 2410 607 2476 volumus
629 2414 668 2473 ut
688 2431 731 2473 ex
748 2409 905 2474 mandato
927 2414 1040 2474 nostro
1065 2409 1283 2496 patrocinium
1303 2408 1448 2476 habeant
1470 2409 1506 2472 in

454 2531 556 2600 regno
585 2514 699 2576 nostro
728 2509 897 2598 legitime:
937 2515 972 2578 et
1001 2511 1030 2577 si
1059 2509 1096 2576 in
1125 2511 1236 2598 aliquo
1274 2509 1345 2578 loeo
1381 2507 1506 2578 iniuste

455 2613 644 2702 affligantur
670 2613 887 2700 oppressione,
903 2613 1083 2680 reclament
1105 2635 1140 2679 se
1165 2613 1207 2680 ad
1226 2635 1286 2680 nos
1301 2613 1356 2680 vel
1377 2617 1505 2680 nostros

455 2717 587 2796 iudices,
629 2721 664 2784 et
708 2715 839 2804 plenam
882 2713 961 2782 indo
998 2713 1185 2782 iubebimus
1222 2715 1386 2784 iustitiam
1424 2717 1505 2784 fieri

288 2819 444 2886 Seffllffl
457 2818 641 2909 Cognoscat
678 2841 808 2907 quoque
853 2816 985 2886 dilectio
1029 2815 1194 2907 [vestra]³
1229 2819 1317 2905 quod
1361 2820 1505 2907 aliquem

287 2887 413 3007 ffiffl}
456 2922 697 3011 benignitatem
720 2924 761 2987 da
791 2920 976 2986 dalmaticis
1005 2918 1127 2986 nostris
1156 2921 1212 2987 vel
1238 2920 1346 3009 palliis
1365 2923 1408 2989 ad
1436 2922 1505 2989 sin·

287 3021 444 3137 {hffnssffi
456 3028 550 3114 gulas
583 3026 675 3092 sedes
705 3024 901 3110 episcopales
939 3024 1032 3109 regni
1063 3022 1166 3089 vestri
1196 3022 1250 3088 vel
1289 3025 1383 3110 regni
1419 3025 1506 3113 regis

287 3104 431 3219 requoeld'ng
457 3129 628 3195 Ethelredi
674 3127 854 3193 direximus
900 3126 936 3189 in
980 3125 1220 3211 eleemosynam
1255 3126 1381 3191 domini
1411 3150 1504 3215 papae

287 3219 401 3350 ἓξὲξ,
456 3232 607 3309 Adriani,
647 3230 856 3315 deprecantes
900 3234 940 3292 ut
980 3250 1040 3314 pro
1084 3250 1122 3293 eo
1151 3227 1310 3293 intercedi
1354 3229 1504 3324 iubeatis‚

287 3352 396 3401 meson
456 3334 581 3399 nullam
610 3331 770 3395 habentes
802 3329 1043 3395 dubitationem
1074 3329 1208 3395 beatam
1245 3330 1335 3395 illius
1360 3332 1505 3397 animam

288 3418 395 3534 (ἓξὲξ
456 3437 493 3500 in
522 3435 635 3520 requie
657 3454 734 3512 esse,
751 3432 808 3496 sed
825 3435 866 3497 ut
887 3432 986 3496 fidem
1013 3438 1048 3498 et
1073 3431 1280 3497 dilectionem
1295 3434 1505 3501 ostendamus

455 3540 493 3601 in
530 3538 671 3601 amicum
701 3535 796 3599 nobis
828 3534 1040 3599 carissimum.
1103 3532 1168 3599 Sed
1206 3538 1240 3599 et
1273 3536 1313 3600 de
1351 3536 1505 3603 thesauro

455 3640 675 3705 humanarmn
689 3658 807 3715 rerum,
832 3658 929 3721 quem
946 3635 1108 3701 Dominus
1123 3635 1147 3700 J
1148 3658 1220 3701 esus
1242 3636 1337 3702 nobis
1359 3639 1505 3725 gratuite

457 3741 582 3829 pietate
619 3739 783 3816 concessit,
815 3738 940 3824 aliquid
971 3760 1029 3825 per
1062 3739 1328 3825 metropolitanos
1362 3740 1506 3807 civitatis

287 3846 440 3926 Pffflfflssto
459 3846 647 3913 direximus.
706 3842 835 3908 Vestrae
862 3862 992 3927 quoque
1017 3842 1185 3908 dilectioni
1208 3862 1312 3907 unum
1335 3840 1504 3908 baltheum

287 3913 431 3983 mm*
457 3954 492 4017 et
537 3970 641 4015 unum
678 3945 827 4033 gladium
864 3942 1052 4009 Huniseum
1094 3950 1128 4010 et
1168 3944 1233 4011 duo
1272 3944 1372 4032 pallia
1402 3945 1504 4015 serica

456 4054 637 4121 direximus
659 4046 861 4117 destinanda
908 4044 1052 4111 valeta?

287 4262 380 4381 ἢ
848 4272 1101 4339 Gourmumro.

194 4480 200 4501 ι
287 4396 418 4511 illel&
502 4413 877 4482 oppurexllareiorum
887 4412 1050 4500 pugnavit
1058 4415 1172 4479 contra
1183 4411 1386 4481 Kinewllum
1395 4434 1506 4503 regem

200 4566 208 4581 ,
287 4528 394 4579 westm.
457 4516 718 4583 occidentalium
741 4516 910 4581 Saxonum
933 4516 970 4579 in
993 4514 1163 4581 obsidione
1185 4518 1285 4583 castri
1308 4518 1348 4585 de
1367 4518 1506 4585 Bensin-

288 4593 357 4645 AJ).
370 4596 426 4653 779,

288 4662 443 4777 lleblllunt
489 4728 498 4757 ¹
515 4725 668 4792 sinceritas]
689 4723 857 4785 scineeritste,
869 4723 927 4777 MS.
1028 4726 1038 4757 ⁸
1055 4720 1151 4791 daun]
1165 4738 1215 4775 om.
1227 4724 1284 4779 MS.

493 4808 504 4838 ²
517 4804 660 4871 exaratam]
679 4810 816 4864 exoratam,
827 4802 883 4855 MS.

284 1630 417 1680 mm
455 1593 579 1678 gratias
608 1593 736 1678 agimm
771 1592 990 1677 omnipotenti
1033 1589 1104 1656 Deo
1146 1590 1186 1656 de
1227 1591 1396 1656 eathclicae
1425 1589 1502 1655 fidei
1618 1619 1626 1626 -
